1863 3146
910 199 1143 252 —744

787 329 826 369 2.
860 328 928 370 De
960 331 1272 370 narratione.

466 415 673 467 Narratio,
722 427 830 467 quae
877 413 961 456 fuit
1000 416 1129 456 altera
1177 416 1363 469 partium
1415 415 1630 468 orationis,
1674 420 1738 456 est

325 502 379 529 ex
428 487 645 528 Ciceronis
690 486 934 528 definitione
1000 485 1069 543 [de
1122 489 1210 528 inV.
1270 487 1310 538 Ι,
1367 485 1513 542 19,27]
1568 500 1736 540 „rerum

326 566 546 614 gestarum
594 565 666 600 aut
711 564 756 600 ut
786 566 1002 613 gestarum
1048 561 1296 614 expositio“.
1358 559 1566 600 Pluribus
1597 559 1738 600 verbis

329 646 423 673 eam
474 633 837 686 circumscriptam
886 632 1083 673 videmus
1132 633 1182 672 de
1229 636 1331 686 part.
1381 645 1437 673 or.
1488 633 1607 684 9,31,
1658 632 1737 671 hoo

324 705 475 746 modo:
512 737 548 756 ,‚.
583 737 592 745 .
627 738 635 746 .
670 705 855 744 narratio
895 711 958 745 est
998 718 1143 745 rerum
1177 706 1406 758 explicatio
1452 709 1492 744 et
1531 704 1738 757 quaedam

330 779 454 831 quasi
487 777 608 817 sedes
655 783 694 817 et
725 777 1052 817 fundamentum
1086 776 1413 818 constituendae
1444 776 1590 828 fidei;“
1624 777 1738 817 unde

328 856 512 904 apparet,
548 856 751 902 quantam
784 851 821 890 ei
856 849 999 889 Cicero
1032 850 1288 902 gravitatem
1322 848 1573 889 attribuerit.

467 921 744 962 Narrationes
779 921 924 961 divisit
958 921 1008 962 de
1039 923 1125 962 inv,
1160 921 1192 973 1,
1229 921 1351 974 19,27
1386 922 1432 961 in
1465 920 1541 959 tria
1564 932 1737 972 genera:

326 1008 489 1047 „unum
524 996 622 1045 est,“
656 994 809 1046 inquit,
843 994 908 1045 „in
954 1008 1037 1047 quo
1079 996 1170 1048 ipsa
1209 1007 1338 1035 causa
1378 999 1419 1035 et
1457 992 1594 1032 omnis
1631 992 1738 1031 ratio

326 1054 646 1108 controversiae
666 1067 924 1117 continetur,
950 1067 1142 1118 alterum,
1175 1068 1220 1106 in
1250 1079 1333 1120 quo
1367 1065 1572 1120 digressio
1598 1064 1740 1117 aliqua

325 1146 447 1181 extra
492 1152 663 1180 causam
709 1139 1015 1194 interponitur;
1061 1141 1233 1179 tertium
1264 1152 1402 1193 genus
1435 1143 1497 1179 est
1527 1142 1737 1178 remotum

326 1227 349 1253 a
385 1212 584 1253 civilibus
618 1212 796 1252 causisf·
844 1210 943 1252 Sed
976 1212 1098 1251 illum
1122 1212 1314 1252 ordinem
1346 1212 1390 1251 in
1414 1213 1739 1265 pertractatione

325 1298 533 1339 generum
565 1296 652 1323 non
685 1276 889 1334 servavit'3
922 1285 1044 1337 prius
1077 1289 1222 1324 contra
1253 1296 1389 1336 genus
1422 1283 1595 1323 tertium
1627 1283 1740 1323 eius-

331 1371 413 1411 que
446 1364 586 1411 partes
619 1361 659 1397 et
690 1357 920 1410 particulas
954 1358 1164 1410 exposuit,
1199 1356 1352 1397 deinde
1384 1368 1522 1409 genus
1554 1356 1741 1409 primum

327 1432 559 1484 descripsit.

445 1502 676 1543 Distribuit
719 1503 850 1555 igitur
881 1502 959 1542 hoc
991 1503 1162 1543 tertium
1200 1514 1337 1555 genus
1370 1502 1414 1541 in
1449 1501 1554 1541 duas
1586 1505 1739 1554 partes,

327 1590 535 1629 „quarum
572 1576 704 1616 altera
748 1576 793 1614 in
827 1576 1020 1628 negotiis,
1070 1575 1199 1615 altera
1245 1576 1290 1614 in
1322 1575 1515 1628 personis
1553 1574 1739 1613 maxime

327 1652 545 1689 versatur“
579 1653 632 1698 et,
680 1661 778 1688 cum
817 1647 879 1687 illi
912 1647 1112 1700 fabulam,
1159 1648 1390 1696 historiam,
1439 1651 1738 1700 argumentum

327 1719 554 1770 subiceret,
603 1721 645 1760 in
694 1721 771 1760 hac
819 1720 949 1760 simul
996 1732 1093 1760 cum
1139 1720 1269 1760 rebus
1314 1721 1418 1773 ipsis
1462 1731 1738 1771 personarum

328 1805 544 1833 sermones
593 1799 633 1833 et
666 1794 830 1834 animos
863 1793 1045 1846 perspici
1085 1805 1209 1846 posse
1242 1793 1389 1833 voluit.
1466 1791 1517 1831 In
1550 1795 1740 1831 extrema

326 1872 469 1905 autem
516 1866 645 1907 huius
693 1867 858 1920 generis
907 1866 1189 1918 explicatione
1233 1866 1476 1919 postulavit,
1523 1870 1570 1904 ut
1611 1877 1738 1917 quam

326 1939 514 1978 maxima
546 1938 752 1980 festivitas
785 1941 830 1979 in
863 1952 911 1979 eo
945 1936 1231 1989 adhiberetur,
1264 1936 1478 1989 „confecta
1510 1949 1564 1977 ex
1596 1938 1742 1977 rerum

328 2011 542 2062 varietate,
589 2012 830 2051 animorum
880 2011 1247 2061 dissimilitudine,
1293 2011 1511 2062 gravitate,
1557 2009 1740 2060 levitate,

328 2093 412 2134 spe,
445 2087 576 2129 metu,
621 2084 869 2136 suspitione,
918 2084 1138 2135 desiderio,
1189 2083 1539 2135 dissimulatione,
1587 2095 1741 2133 errore,

330 2154 634 2207 misericordia,
683 2156 878 2196 fortunae
926 2157 1272 2208 commutatione,
1316 2157 1532 2208 insperato
1580 2156 1741 2195 incom—

328 2227 466 2279 modo,
500 2227 643 2268 subita
674 2228 845 2279 laetitia,
887 2229 1077 2268 iucundo
1110 2229 1229 2269 exitu
1261 2227 1440 2268 rerum.“

468 2299 575 2339 Tum
611 2301 661 2341 de
694 2302 947 2353 narratione,
983 2314 1090 2354 quae
1123 2314 1296 2341 causam
1330 2306 1371 2340 et
1402 2301 1608 2340 rationem
1641 2312 1741 2339 con-

327 2373 561 2412 troversiae
595 2379 838 2427 exponeret,
872 2378 1097 2427 praecepta
1130 2374 1246 2414 dedit
1278 2380 1318 2413 et
1351 2374 1401 2413 de
1433 2373 1520 2412 inV.
1544 2372 1578 2424 I,
1613 2372 1740 2425 20,28

328 2445 573 2497 postulavit,
606 2452 652 2486 ut
684 2458 733 2486 ea
768 2446 919 2498 brevis,
953 2451 1110 2500 aperta,
1142 2444 1410 2500 probabilis¹)
1442 2450 1563 2485 esset.

474 2610 506 2653 1)
533 2610 595 2648 cfr,
624 2622 674 2645 or.
701 2614 845 2655 35,122;
887 2611 929 2644 de
955 2614 1045 2654 part.
1073 2621 1122 2647 or.
1148 2614 1241 2656 5‚15.
1292 2610 1470 2653 Quoniam
1495 2610 1574 2653 loci,
1612 2609 1674 2654 qui
1699 2610 1742 2644 de

327 2669 399 2703 inv.
418 2669 445 2711 Ι,
472 2673 728 2715 20,·28-21‚29
745 2674 952 2717 sequuntur,
980 2671 1114 2715 optime
1139 2671 1377 2716 facillimeque
1405 2682 1447 2705 ex
1473 2671 1551 2714 ipso
1576 2670 1742 2705 Cicerone

329 2735 599 2774 cognoscuntur,
626 2743 684 2766 eos
711 2732 841 2767 referre
866 2744 937 2766 non
963 2733 1096 2777 placet,
1123 2733 1212 2767 illud
1238 2743 1322 2766 vero
1341 2732 1444 2776 plane
1471 2731 1613 2766 silentio
1640 2742 1741 2776 prae-
