1863 3146
707 216 759 220 .-
797 191 939 231 69-

110 308 232 349 Bona
263 311 404 349 autem
437 309 462 348 l.
496 321 529 349 c.
561 309 606 348 in
640 309 722 349 duo
754 321 910 362 genera
944 309 1101 350 divisit:
1135 310 1177 349 in
1216 310 1454 350 necessaria
1488 314 1527 350 et

89 409 91 411 -
116 381 162 420 in
195 393 281 420 non
314 382 571 433 necessaria3
606 394 701 422 cum
735 381 819 421 illis
846 381 926 421 alia
952 394 1107 435 genera
1129 395 1212 422 non
1239 382 1528 436 subiungeret,

113 453 265 493 horum
300 453 383 493 alia
415 465 489 506 per
522 465 579 505 se,
611 453 692 493 alia
725 454 936 494 commodi
960 467 1089 495 causa
1122 455 1263 508 expeti
1292 454 1523 506 contendit,

115 537 228 577 quae
260 537 335 578 per
366 538 410 566 se
443 525 681 579 expetenda
714 530 867 576 essent,
916 539 964 566 ea
1006 526 1056 566 ab
1101 527 1320 568 honestate
1363 528 1430 568 vel
1476 527 1527 567 ab

107 596 339 638 virtutibus
371 597 591 651 proficisci,
626 611 733 650 quae
767 611 863 638 vero
899 599 1093 639 utilitatis
1126 600 1192 639 vel
1215 600 1530 640 commoditatis

108 682 250 720 causa,
283 682 330 710 ea
364 673 436 710 aut
474 670 660 723 corporis
697 673 769 710 aut
808 669 1008 711 fortunae
1048 670 1159 711 bona
1199 684 1303 712 esse.

253 742 336 783 Sed
370 755 496 796 saepe
540 741 632 782 fieri
676 744 824 795 potest,
866 745 914 782 ut
959 743 1120 783 utilitas
1166 756 1263 783 cum
1310 743 1527 784 honestate

108 817 258 866 certet;
294 814 406 867 quod
439 815 475 855 si
508 815 661 865 evenit,
695 818 847 866 orator,
879 817 927 854 ut
958 814 1102 855 Cicero
1138 816 1360 869 praecepit,
1398 829 1525 869 quae-

108 899 201 927 rere
233 885 367 939 debet,
408 890 552 927 utrum
595 887 809 927 auditores
848 887 1004 929 indocti
1048 891 1087 928 et
1120 892 1305 941 agrestes
1339 890 1436 941 sint,
1470 902 1523 928 an

109 959 285 999 humani
318 962 358 999 et
389 959 577 1012 expoliti,
609 971 708 998 cum
740 959 803 998 illi
837 959 941 999 nihil
975 960 1102 1012 aliud,
1134 961 1216 1000 nisi
1256 965 1523 1014 „quaestum,

108 1032 459 1083 emolumentum,
500 1031 686 1071 fruetus<
736 1035 985 1084 spectarent,
1046 1033 1087 1072 hi
1130 1036 1267 1073 autem
1313 1034 1521 1085 „laudem

106 1104 305 1158 gloriam,
335 1101 554 1155 honorem,
586 1103 725 1156 fidem,
757 1104 990 1144 iustitiam“
1017 1105 1191 1145 utilitati
1214 1118 1380 1158 semper
1405 1118 1524 1159 prae-

106 1177 280 1219 ferrent.

251 1249 296 1290 Si
339 1262 437 1290 vero
484 1250 527 1289 in
577 1250 863 1290 controversia
911 1253 1033 1301 esset,
1082 1250 1185 1303 quid
1227 1250 1336 1291 effici
1384 1255 1525 1304 posset

109 1334 257 1374 necne,
292 1325 497 1362 oratorem
530 1322 714 1375 primuni
751 1322 802 1362 de
825 1323 979 1375 causis,
1013 1335 1120 1375 quae
1144 1335 1232 1363 reru
1260 1323 1526 1375 conficerent,

111 1394 252 1435 dicere
305 1393 469 1447 debere,
528 1394 679 1435 deiude
732 1407 785 1435 ne
832 1395 1037 1435 rationem
1093 1395 1264 1448 quidem
1318 1396 1526 1436 efficiendi

109 1468 462 1521 praetermittere.

251 1539 302 1580 In
350 1540 548 1594 ‚,topicis“
602 1540 787 1594 denique
834 1539 978 1581 Cicero
1037 1539 1416 1581 deliberationibus
1477 1551 1524 1580 ea

110 1611 316 1666 attribuit,
355 1626 465 1666 quae
502 1614 546 1653 in
589 1613 684 1654 aliis
725 1613 894 1666 scriptis
933 1612 1269 1663 laudationibus3
1308 1625 1404 1652 nam
1443 1615 1525 1664 top.

112 1685 256 1735 23,89
288 1685 391 1726 haec
422 1687 711 1740 praescripsit:
753 1684 827 1737 „In
859 1685 967 1725 illud
1000 1688 1140 1725 autem
1177 1697 1328 1738 genus,
1359 1685 1401 1723 in
1438 1697 1523 1737 quo

110 1758 163 1798 de
197 1757 435 1812 expetendo
467 1757 758 1811 fugiendoque
792 1758 1025 1810 quaeritur,
1048 1757 1305 1798 adhibentur
1337 1769 1396 1809 ea,
1419 1769 1526 1809 quae

111 1833 214 1871 sunt
246 1834 320 1871 aut
357 1831 487 1871 animi
529 1834 603 1871 aut
643 1831 829 1884 corporis
872 1833 946 1870 aut
985 1834 1160 1870 externa
1200 1830 1265 1870 vel
1304 1828 1525 1869 commoda

110 1903 180 1944 vel
211 1901 557 1957 incommodam)

251 1976 305 2016 In
357 1976 438 2016 hoc
495 1988 650 2030 genere
697 1974 842 2015 Cicero
898 1976 1023 2015 etiam
1079 1975 1264 2028 partium
1321 1974 1524 2014 orationis

111 2047 364 2089 nonnullam
396 2049 604 2090 rationem
640 2046 809 2088 habuit:
843 2048 1052 2101 principia
1085 2047 1231 2087 brevia
1264 2059 1357 2087 esse
1390 2046 1526 2086 voluit

113 2120 166 2161 de
198 2124 303 2174 part.
339 2134 397 2164 or.
427 2122 539 2174 4,13
574 2125 615 2161 et
648 2121 807 2172 27,97;
843 2121 886 2159 in
920 2119 1260 2173 perorationibus
1293 2122 1433 2159 autem
1474 2118 1525 2159 ab

111 2197 276 2234 oratore
321 2192 556 2248 exempla2)
590 2194 642 2234 acl
684 2192 925 2246 augendum
973 2198 1012 2232 et
1049 2191 1390 2245 amplificandum
1434 2204 1528 2245 pro-

110 2265 283 2307 ferenda
324 2279 416 2307 esse
463 2267 596 2307 sensit
638 2267 683 2306 in
728 2266 868 2318 iisque
914 2268 1134 2315 oratorem,
1178 2267 1305 2317 prout
1347 2264 1528 2305 facultas

110 2339 241 2380 ferret
272 2342 313 2380 et
329 2352 396 2380 res
418 2339 662 2392 postularet,
685 2339 849 2378 animos
879 2338 1143 2378 eruditorum
1166 2340 1240 2377 aut
1262 2349 1528 2377 commovere

113 2413 188 2451 aut
219 2412 449 2464 reprimere
490 2411 656 2452 debere.
718 2410 797 2451 Sed
832 2410 934 2451 haec
979 2423 1064 2450 non
1100 2409 1234 2450 solum
1282 2409 1325 2448 in
1371 2408 1527 2449 delibe-

259 2573 292 2618 1)
320 2572 536 2615 Quibuscum
562 2572 693 2615 confer,
718 2583 763 2607 ne
790 2583 878 2616 quae
904 2572 1080 2607 dubitatio
1106 2572 1178 2613 fiat,
1206 2582 1295 2616 quae
1321 2572 1393 2616 top.
1421 2575 1524 2613 2491

115 2635 158 2668 de
184 2633 374 2678 generibus
399 2633 558 2677 exposita
583 2634 675 2667 sunt.

257 2697 292 2738 2)
320 2694 379 2729 cfr.
406 2695 448 2729 de
474 2695 563 2738 part.
591 2704 640 2730 or.
668 2696 761 2734 5‚15.
