1863 3146
887 204 1142 251 -50—-'

299 334 535 374 alterumve
581 331 733 370 horum
771 341 975 382 generum
1015 328 1208 381 pertinet,
1256 326 1395 368 dicere
1428 327 1551 379 volet,
1598 327 1713 369 locos

301 406 498 458 anquiret
530 404 815 455 inventosque
849 401 1051 454 disponet,
1085 404 1137 453 et,
1175 403 1225 440 ut
1255 399 1375 440 brevi
1407 399 1716 453 praecidamus,

300 478 385 518 illis
440 476 632 529 quinque
680 473 869 527 partibus
921 474 965 512 in
1015 474 1201 513 oratione
1249 471 1512 512 conficienda
1559 476 1715 513 utetur.

302 548 414 600 Ergo
463 559 533 587 eas
582 560 664 586 non
719 546 921 586 materiae
965 545 1219 597 tractandae,
1267 545 1340 585 sed
1387 545 1469 598 ipsi
1517 541 1717 586 materiae

301 620 554 672 tractationi,
601 620 628 660 i.
679 631 712 661 e.
761 618 898 659 officio
952 631 1027 660 seu
1080 619 1248 659 muneri
1297 618 1474 658 oratoris
1524 617 1718 659 subicere

302 692 521 733 debemus.

444 765 511 805 Ad
544 765 666 805 illum
701 764 854 817 locum,
900 776 1025 817 quem
1059 763 1292 814 attulimus,
1333 764 1526 816 proxime
1559 763 1720 804 aceedit

304 837 356 877 de
389 850 444 877 or.
461 835 519 884 Π,
539 838 605 889 19,
625 837 698 877 79:
731 835 920 889 „Deinde
954 836 1146 889 quinque
1177 835 1341 876 faciunt
1374 836 1498 889 quasi
1531 835 1720 877 membra

304 911 584 963 eloquentiae,
605 910 799 951 invenire
819 909 922 962 quid
956 909 1083 961 dieas,
1105 908 1279 948 inventa
1312 907 1546 961 disponere,
1570 907 1721 948 deinde

303 995 453 1023 ornare
477 982 630 1034 verbis,
646 987 740 1035 post
772 982 1000 1023 memoriae
1033 980 1249 1030 mandare,
1268 984 1360 1021 tum
1394 980 1447 1020 ad
1480 983 1718 1021 extremum

304 1068 425 1107 agere
465 1069 513 1095 ao
545 1055 860 1108 pronuntiare.“
938 1054 991 1094 Et
1038 1054 1106 1093 hio
1155 1052 1329 1106 quidem
1379 1052 1519 1093 solum
1565 1065 1720 1093 nomen

304 1128 607 1179 „elocutionis“
642 1128 686 1167 in
720 1127 977 1167 vocabulum
1012 1126 1208 1179 „ornare“
1237 1128 1450 1165 mutatum
1483 1137 1575 1165 esse
1608 1124 1723 1165 vide·

306 1213 425 1250 mus;
476 1200 680 1240 maiorem
728 1203 873 1240 autem
907 1199 1152 1239 varietatem
1200 1198 1245 1237 in
1282 1196 1474 1250 partibus
1505 1197 1590 1237 illis
1623 1197 1724 1238 affe-

306 1273 449 1313 rendis
480 1273 728 1312 invenimus
762 1272 812 1312 de
846 1285 902 1311 or.
935 1271 968 1321 Ι,
998 1270 1066 1323 31,
1101 1270 1195 1323 14‘2,
1229 1269 1302 1309 ubi
1335 1270 1539 1322 legimus:
1575 1268 1724 1322 „Cum—

307 1358 390 1399 que
440 1349 550 1386 esset
597 1345 735 1385 omnis
784 1345 962 1384 oratoris
1010 1344 1075 1383 vis
1123 1355 1169 1383 ao
1216 1342 1395 1382 facultas
1443 1343 1487 1382 in
1535 1344 1726 1396 quinque

306 1422 444 1472 partes
478 1416 717 1469 distributa,
762 1420 808 1457 ut
848 1415 1018 1457 deberet
1055 1416 1239 1469 reperire
1271 1416 1471 1469 primum,
1517 1415 1618 1469 quid
1667 1415 1727 1455 di-

307 1496 436 1541 ceret,
472 1489 623 1530 deinde
656 1491 830 1530 inventa
873 1502 957 1529 non
1000 1489 1139 1529 solum
1179 1488 1339 1540 ordine,
1372 1487 1444 1528 sed
1479 1488 1608 1528 etiam
1642 1500 1726 1528 mo-

308 1568 448 1604 mento
491 1563 675 1616 quodam
723 1566 851 1615 atque
898 1562 1055 1602 iudicio
1104 1561 1351 1615 dispensare
1396 1564 1524 1613 atque
1557 1573 1726 1613 compo-

308 1649 433 1690 nere,
483 1640 575 1676 tum
623 1648 669 1676 ea
718 1635 902 1688 denique
947 1635 1099 1674 vestire
1148 1638 1275 1686 atque
1321 1645 1472 1673 ornare
1515 1633 1720 1683 oratione,

308 1713 402 1762 post
434 1709 637 1749 memoria
671 1709 853 1761 saepire,
903 1707 955 1747 ad
1003 1711 1245 1763 extremum
1289 1719 1413 1760 agere
1455 1719 1554 1746 eum
1588 1706 1726 1759 digni—

310 1786 393 1822 tate
433 1794 480 1821 ao
513 1782 777 1822 venustate.“
858 1780 967 1820 Aliis
1017 1779 1158 1820 verbis
1205 1779 1374 1821 easdem
1413 1782 1552 1832 partes
1597 1778 1726 1830 signi-

309 1854 451 1894 ficavit
484 1859 627 1894 noster
659 1855 783 1894 etiam
818 1853 869 1893 de
903 1866 960 1894 or.
995 1852 1027 1904 l,
1064 1851 1129 1904 15,
1165 1853 1230 1906 64,
1269 1865 1366 1892 oum
1411 1865 1507 1892 eum
1552 1853 1728 1892 oratoris

311 1928 484 1967 nomine
518 1927 698 1980 dignum
746 1938 837 1967 esse
885 1926 1054 1978 diceret,
1103 1926 1175 1978 qui
1223 1925 1482 1978 „prudenter
1529 1928 1569 1965 et
1615 1937 1728 1965 com-

310 2001 446 2053 posite
479 2003 519 2039 et
551 2003 699 2040 ornate
732 2003 773 2040 et
805 2000 1050 2039 memoriter
1079 1998 1187 2038 dicet
1210 2011 1308 2038 eum
1335 1997 1518 2050 quadam
1553 1998 1728 2038 aetionis

310 2073 437 2112 etiam
471 2072 717 2125 dignitate.“

453 2144 589 2185 Sicuti
619 2144 723 2184 loeis
763 2143 901 2184 adhue
941 2144 1079 2183 citatis
1112 2143 1294 2196 partium
1336 2144 1511 2183 nomina
1542 2143 1652 2183 inter
1684 2154 1730 2183 se

314 2217 525 2269 differunt,
570 2217 627 2257 ita
673 2216 757 2256 loci
805 2215 979 2269 quidam
1028 2219 1185 2267 extant,
1239 2215 1395 2268 quibus
1449 2215 1572 2255 etiam
1629 2215 1730 2255 ordo

313 2303 461 2331 earum
494 2290 628 2330 variat
646 2288 697 2329 ab
731 2301 867 2342 eoque
901 2288 1122 2341 discrepat,
1148 2300 1230 2341 quo
1259 2300 1336 2328 nos
1365 2288 1728 2328 enumerationem

314 2376 338 2402 a
371 2361 572 2403 Cicerone
605 2362 656 2402 de
687 2362 772 2402 inv.
805 2361 837 2413 Ι,
872 2361 908 2413 7,
943 2361 966 2401 9
1001 2365 1040 2401 et
1073 2374 1096 2400 a
1129 2359 1352 2400 Cornificio
1385 2360 1418 2411 Ι,
1443 2361 1479 2411 2,
1509 2361 1532 2399 3
1566 2359 1729 2400 adhibi-

314 2438 401 2474 tam
434 2435 566 2476 secuti
598 2435 853 2488 plerumque
885 2434 1061 2474 utimur.
1141 2432 1208 2473 Sic
1257 2433 1307 2472 de
1357 2445 1412 2472 or.
1446 2431 1477 2483 I,
1527 2433 1594 2484 42,
1647 2432 1727 2472 187

316 2506 516 2547 Crassum
549 2507 722 2547 induxit
754 2507 855 2547 haec
889 2506 1018 2547 verba
1049 2506 1292 2546 facientem:
1327 2506 1400 2558 „in
1433 2505 1511 2545 hae
1546 2505 1730 2558 denique

316 2579 406 2632 ipsa
438 2580 600 2620 ratione
650 2579 819 2620 (licendi
867 2580 1122 2633 excogitare,
1163 2590 1325 2628 ornare,
1366 2577 1602 2631 disponere,
1642 2591 1729 2618 me—

316 2653 502 2704 minisse,
544 2665 668 2705 agere
716 2654 860 2706 ignota
904 2651 1120 2705 quondam
1159 2651 1359 2691 omnibus
1391 2653 1432 2691 et
1466 2649 1616 2691 diffusa
1647 2650 1730 2690 late

316 2724 611 2765 videbanturf⁴
