1863 3146
759 208 960 246 -5-

114 324 288 363 *aetate
336 325 562 376 provectus
605 327 734 374 esset,
787 324 1011 379 paullatim
1060 337 1150 365 sese
1198 324 1249 364 ad
1297 326 1564 378 partitionem

149 394 482 449 Hermagoream
509 395 794 448 ,applicaverit
825 409 1004 450 eamque
1038 397 1089 437 ad
1121 401 1358 438 extremum
1393 398 1564 438 omnino

149 480 272 508 suam
303 465 508 520 feeerit.¹)

294 541 437 593 Atque
485 540 537 579 ad
586 552 676 580 eam
726 540 897 593 quidem
931 541 1196 593 sententiam,
1240 554 1367 594 quam
1401 544 1583 596 aperuit*

149 613 195 652 in
218 611 338 653 libris
362 612 436 665 „de
457 612 743 665 inventione“,
766 614 959 666 proxime
982 612 1192 653 accedunt
1215 626 1324 666 quae
1348 615 1564 656 Antonius

149 685 192 724 in
228 685 358 725 altero
390 684 595 724 librorum
629 684 704 736 „de
727 686 914 725 oratore“
943 686 1244 738 inscriptorum
1269 686 1318 726 de
1344 688 1566 740 partitione

151 757 353 797 materiae
387 757 617 804 rhetoricae
650 757 805 797 docuit.
858 757 902 797 Is
926 758 1039 797 enim
1064 759 1337 810 quaestiones
1360 758 1564 808 infinitas,

154 842 259 883 quas
309 828 488 869 Crassus
534 841 686 882 graeca
733 830 894 869 ratione
920 828 1184 883 recepisset,
1241 833 1395 871 oratori
1440 832 1564 885 plane

147 901 336 942 tribuere
376 901 529 953 noluit,
567 901 640 941 sed
680 913 750 942 eas
783 913 939 953 magna
973 913 1026 941 ex
1059 906 1177 955 parte
1209 904 1352 956 procul
1389 904 1439 944 ab
1475 917 1564 944 ora-

148 974 252 1014 toris
299 972 438 1013 officio
485 976 669 1014 remotas
717 985 809 1014 esse
849 974 1024 1026 putavit,
1072 975 1114 1015 id
1149 975 1260 1028 quod
1295 978 1565 1030 cognoscitur

149 1059 204 1087 ex
246 1044 441 1100 pluribus
487 1046 601 1086 locis.
682 1045 751 1086 Sic
789 1046 840 1086 de
884 1058 942 1086 or.
975 1046 1029 1099 II,
1067 1048 1131 1100 15,
1167 1048 1219 1087 65
1253 1048 1354 1087 haec
1387 1048 1564 1087 Antonii

147 1118 279 1159 verba
310 1118 572 1159 invenimus:
626 1118 793 1171 „Atque
825 1119 869 1158 in
902 1119 980 1159 hoc
1011 1132 1165 1174 genere
1196 1120 1269 1160 illa
1302 1133 1472 1173 quoque
1505 1124 1565 1160 est

146 1190 317 1231 infinita
361 1191 480 1243 silva,
530 1191 643 1244 quod
687 1191 841 1231 oratori
882 1191 1075 1245 plerique
1126 1189 1189 1247 [ut
1227 1193 1352 1232 etiam
1386 1191 1564 1232 Crassus

149 1261 353 1319 ostendit]
405 1263 488 1303 duo
528 1275 684 1316 genera
717 1263 767 1303 ad
803 1263 1032 1304 dicendum
1066 1264 1293 1305 dederunt:
1343 1276 1477 1304 unum
1513 1263 1563 1303 de

149 1339 263 1376 certa
311 1335 571 1388 definitaque
618 1348 758 1387 causa,
804 1336 950 1388 quales
997 1340 1108 1389 sunt,
1158 1350 1266 1392 quae
1313 1338 1356 1376 in
1404 1335 1563 1389 litibus,

147 1420 262 1462 quae
295 1408 338 1447 in
373 1406 751 1448 deliberationibus
785 1412 1027 1461 versantur3
1074 1410 1212 1463 addat,
1245 1410 1279 1451 si
1312 1409 1407 1462 quis
1440 1408 1564 1451 volets

147 1481 275 1522 etiam
314 1480 598 1531 laudationes3
648 1480 841 1533 alterum,
890 1481 1004 1533 quod
1048 1482 1261 1535 appellant
1299 1494 1446 1522 omnes
1478 1481 1563 1522 fere

148 1554 388 1607 scriptores,
421 1553 606 1607 explicat
638 1566 776 1606 nemo,
814 1554 1025 1594 infinitam
1058 1555 1225 1605 generis
1259 1554 1349 1594 sine
1375 1558 1563 1607 tempore

144 1630 187 1667 et
233 1627 326 1671 sine
372 1638 555 1680 persona
599 1627 899 1679 quaestionem.
971 1626 1064 1667 Hoc
1113 1627 1215 1680 quid
1263 1630 1302 1667 et
1350 1631 1560 1679 quantum

145 1699 211 1752 sit,
257 1711 353 1739 oum
398 1698 558 1751 dicunt,
606 1699 851 1753 intellegere
895 1700 998 1739 mihi
1039 1713 1122 1740 non
1155 1699 1393 1740 videntui‘.“
1457 1697 1560 1739 Cum

145 1772 221 1812 tali
252 1771 376 1812 modo
410 1772 576 1812 nullum
609 1784 748 1825 genus
782 1773 982 1813 orationis
1015 1776 1241 1826 exceptum
1272 1775 1391 1822 esset,
1432 1783 1561 1824 quae-

144 1845 308 1886 stiones
344 1843 531 1884 infinitas
573 1844 623 1884 ad
658 1847 771 1885 certa
804 1845 1011 1898 quaedam
1044 1857 1199 1898 genera
1230 1845 1393 1898 redegit
1425 1856 1562 1897 eaque

147 1917 290 1972 paullo
323 1920 430 1971 post,
463 1916 514 1957 de
546 1929 604 1958 or.
628 1916 684 1969 II,
720 1917 784 1969 16,
815 1917 882 1969 68,
916 1918 972 1958 ita
1006 1918 1255 1971 complexus
1289 1920 1369 1957 est:
1405 1915 1561 1969 „Equi-

142 1990 242 2031 dem
289 1989 444 2039 omnia,
491 2002 598 2042 quae
645 1990 858 2042 pertinent
905 1990 958 2030 ad
1005 2003 1132 2030 usum
1180 1990 1350 2043 civium,
1403 2001 1561 2029 moreni

144 2063 388 2114 hominum,
444 2074 554 2115 quae
608 2066 835 2103 versantur
886 2064 929 2102 in
985 2062 1294 2104 consuetudine
1340 2063 1472 2115 vitae,
1516 2063 1560 2102 in

144 2136 308 2176 ratione
353 2135 414 2175 rei
460 2133 669 2188 publicae,
714 2136 758 2174 in
804 2136 882 2175 hac
929 2135 1126 2176 societate
1176 2135 1302 2186 civili,
1344 2135 1389 2174 in
1429 2147 1559 2176 sensu

143 2207 364 2248 hominum
400 2207 628 2259 communi,
676 2208 721 2247 in
754 2211 921 2261 natura,
958 2209 1004 2248 in
1037 2207 1241 2260 moribus,
1288 2208 1560 2261 comprehen—

143 2280 283 2321 denda
331 2292 422 2321 esse
470 2281 627 2320 oratori
676 2281 816 2334 putof‘
894 2280 976 2322 Sed
1009 2293 1062 2321 ne
1096 2293 1144 2321 ea
1179 2280 1349 2334 quidem
1396 2281 1455 2321 ita
1488 2293 1560 2321 ne-

140 2351 328 2392 cessaria
360 2364 452 2394 esse
485 2353 758 2403 existimavit,
792 2357 838 2394 ut
870 2354 920 2394 ab
955 2352 1152 2394 omnibus
1185 2353 1422 2394 oratoribus
1445 2357 1559 2394 tene-

143 2427 306 2474 rentur,
350 2438 580 2478 veramque
612 2439 732 2466 suam
767 2427 1021 2466 sententiani
1055 2426 1104 2466 de
1133 2425 1456 2479 quaestionibus
1488 2427 1555 2466 in-

142 2494 274 2537 finitis
307 2496 357 2537 de
390 2510 448 2538 or.
480 2498 538 2549 II,
572 2498 637 2551 16,
672 2498 723 2537 70
757 2501 966 2552 exposuit,
1013 2498 1090 2539 ubi
1123 2502 1200 2539 est:
1235 2530 1255 2550 ,‚
1277 2531 1287 2541 .
1316 2498 1560 2541 ..arbitror

144 2569 189 2608 in
224 2569 302 2610 hac
335 2570 424 2611 sive
458 2571 620 2611 ratione
655 2571 744 2611 sive
776 2572 1075 2612 exercitatione
1109 2571 1286 2623 dicendi,
1335 2572 1407 2624 qui
1440 2570 1556 2612 illam

142 2642 232 2681 vim
266 2642 442 2695 adeptus
475 2643 542 2696 sit,
575 2646 625 2683 ut
657 2655 805 2684 eorum
834 2647 1009 2696 mentes,
1042 2644 1116 2696 qui
1139 2647 1213 2684 aut
1239 2643 1290 2684 de
1312 2656 1357 2685 re
1379 2643 1561 2698 publica,

283 2745 317 2791 1)
345 2745 418 2782 Cfr.
445 2746 598 2791 Spengel
622 2747 690 2782 Rh.
716 2746 766 2781 M.
793 2747 917 2781 XVIII
943 2759 975 2792 p.
1004 2750 1081 2784 499.
