1863 3146
665 165 947 214 ‘-71-

125 294 191 331 est
240 291 374 331 oratio
416 293 599 346 quadam
632 292 971 333 dissimulatione
1004 298 1042 332 et
1075 293 1325 333 circuitione
1358 292 1538 333 obscure

126 361 306 404 subiens
338 364 545 405 auditoris
579 366 805 405 31110]οῐῃὲί
870 365 947 405 Cui
984 365 1200 417 partitioni
1233 365 1339 404 nihil
1373 364 1538 405 obicere

126 435 341 487 volumus,
390 450 652 491 quamquam
700 438 939 478 necessaria
982 436 1104 477 nobis
1137 449 1222 477 non
1257 436 1446 487 videtur3
1496 443 1538 476 at

125 507 234 547 illud
267 509 455 549 maxime
488 509 789 550 admirandum
824 514 898 560 est,
940 509 1054 562 quod
1087 514 1170 549 tres
1197 509 1292 550 illas
1314 522 1394 558 res,
1429 523 1537 562 quas

129 592 259 633 supra
290 579 420 620 finem
454 582 621 621 exordii
653 594 745 622 esse
778 582 955 633 dixerat,
1005 581 1084 621 hoc
1131 581 1221 621 loco
1255 582 1412 634 primae
1445 587 1537 622 tan-

126 657 219 692 tum
243 653 351 706 parti
377 653 571 693 attribuit
593 665 751 705 earum,
783 655 828 694 in
852 667 957 706 quas
992 653 1216 693 exordium
1249 654 1429 707 partitus
1463 658 1536 694 est.

271 723 334 765 De
354 738 436 766 usu
460 728 601 766 autem
626 726 794 766 illarum
819 726 1004 779 partium
1029 726 1071 764 in
1101 725 1281 778 singulis
1310 725 1538 778 generibus

127 809 280 837 causae
328 797 379 838 de
425 798 512 838 inv,
561 797 593 850 1,
629 799 765 850 15‚·21
817 798 929 838 haec·
957 798 1045 838 fere
1076 798 1367 851 praescripsit:
1419 797 1538 838 Prin-

127 870 287 923 cipium
333 871 520 910 maxime
565 870 857 910 adhibendum
901 870 1038 910 estin
1071 882 1225 923 genere
1256 870 1418 921 humili,
1466 883 1538 910 an-

127 941 256 995 cipiti,
291 941 487 993 obscum,
519 942 708 994 honesto,
743 944 826 982 nisi
857 942 964 982 forte
997 948 1146 993 orator,
1182 955 1278 982 cum
1312 943 1349 982 ei
1383 943 1433 982 de
1465 943 1538 983 ho-

127 1020 246 1053 nesta
279 1026 410 1054 causa
443 1015 661 1068 agendum
694 1019 767 1066 est,
806 1016 1037 1055 orationem
1072 1015 1211 1054 statim
1245 1028 1267 1054 a¹
1300 1015 1539 1055 narratione

127 1086 257 1126 ordiri
304 1085 505 1140 praefert3
554 1088 844 1127 insinuatione
891 1099 990 1127 vero
1031 1092 1169 1127 orator
1201 1088 1241 1126 in
1276 1099 1430 1139 geneie
1468 1087 1539 1126 ad-

126 1158 311 1198 mirabili
344 1163 500 1210 utetur,
551 1161 746 1213 quamvis
795 1160 919 1200 etiam
965 1160 1224 1213 principium
1258 1172 1380 1212 saepe
1413 1161 1457 1199 in
1490 1172 1537 1200 eo

126 1230 269 1270 locum
302 1231 457 1271 habere
487 1237 638 1284 potest.

268 1302 464 1357 Utraque
521 1317 620 1357 pars
673 1305 777 1344 locis
828 1303 1084 1357 quibusdam
1134 1304 1371 1355 adiuvatur,
1432 1316 1538 1356 quos

127 1374 274 1416 Cicero
322 1375 372 1416 de
404 1376 492 1417 inV.
527 1376 557 1429 I,
595 1377 659 1428 16,
680 1378 938 1428 22—18,·25
974 1378 1134 1431 attulit;
1182 1376 1254 1416 ubi
1298 1376 1419 1430 prius
1468 1388 1538 1416 eos

125 1449 332 1499 tractavit,
368 1449 525 1502 quibus
550 1459 689 1490 orator
719 1450 933 1490 auditores
967 1450 1207 1500 benevolos,
1241 1453 1434 1500 attentos,
1468 1448 1540 1488 do-

127 1520 227 1560 ciles
259 1520 432 1574 perficit,
472 1535 600 1575 quam
643 1523 695 1562 ad
733 1522 1036 1562 insinuationis
1069 1526 1289 1576 praecepta
1322 1522 1535 1561 transiret.

126 1591 177 1633 In
209 1593 288 1633 hac
321 1606 366 1634 re
399 1599 538 1635 autem
574 1607 658 1635 non
692 1596 847 1647 omnia,
895 1607 1003 1648 quae
1036 1595 1315 1648 praescripsit,
1363 1594 1416 1633 ad
1448 1606 1539 1633 ver-

126 1665 230 1705 bum
276 1665 525 1719 referemus,
573 1680 670 1708 cum
720 1667 918 1708 facillime
946 1660 1010 1706 “in
1045 1666 1260 1706 Ciceronis
1301 1667 1467 1719 scriptis
1500 1672 1540 1706 et

128 1739 394 1791 reperiantur
441 1745 481 1780 et
538 1746 862 1795 cognoscantur,
920 1744 1136 1793 praeterea
1192 1743 1334 1779 autem
1383 1738 1538 1791 Cicero,

129 1823 391 1864 quamquam
440 1813 676 1866 permultos
727 1814 841 1853 locos
894 1812 1173 1861 enumeravit,
1237 1816 1378 1851 tamen
1425 1812 1539 1851 hunc

126 1882 304 1924 illumve
348 1887 697 1938 praetermiserit,
748 1889 1004 1939 quapropter
1051 1885 1238 1924 maxima
1285 1888 1451 1923 tantum
1500 1889 1540 1925 et

124 1956 381 2009 gravissima
413 1958 570 2011 eligere
602 1958 724 1999 nobis
757 1958 897 1998 liceat.

271 2028 622 2072 Benevolentiam
646 2032 777 2085 igitur
800 2035 938 2070 orator
972 2033 1174 2082 quattuor
1206 2041 1260 2069 ex
1291 2030 1394 2069 locis
1427 2042 1539 2069 com-

129 2113 280 2154 parare
311 2106 465 2156 potest:
500 2117 524 2143 a
556 2117 645 2156 sua,
678 2104 728 2144 ab
763 2103 1114 2153 adversariorum,
1149 2101 1199 2141 ab
1223 2102 1416 2141 iudicum
1448 2114 1540 2155 per-

129 2174 247 2224 sona,
280 2188 304 2214 a·
336 2187 476 2216 causa.
539 2175 588 2216 Id
622 2183 775 2228 autem,
822 2183 867 2216 ut
900 2174 1116 2215 auditores
1151 2174 1375 2227 diligenter
1407 2179 1540 2214 atten-

130 2244 243 2296 dant,
292 2246 430 2299 efficit,
478 2249 514 2289 si
563 2251 613 2289 de
661 2249 839 2302 magnis,
888 2248 1023 2298 novis,
1070 2246 1274 2286 inauditis
1317 2245 1445 2287 rebus
1495 2259 1540 2287 se

130 2322 326 2359 acturum
360 2332 454 2361 esse
484 2322 722 2375 pollicetur.
789 2320 958 2362 Dociles
1007 2320 1193 2371 denique
1241 2331 1311 2358 eos
1349 2318 1457 2370 facit,
1504 2320 1540 2359 si

130 2391 278 2443 paucis
325 2396 452 2446 atque
498 2392 707 2435 dilucidis⁴
740 2394 881 2434 verbis
921 2404 1134 2433 summani
1167 2403 1319 2431 causae
1351 2393 1539 2444 exponit.

271 2462 572 2506 Insinuatione
600 2479 698 2506 vero
725 2467 859 2506 utitur
882 2470 1034 2514 orator,
1068 2465 1103 2504 si
1135 2468 1208 2503 aut
1242 2475 1371 2504 causa
1403 2465 1539 2517 turpis

132 2541 196 2574 est
240 2540 315 2575 aut
347 2537 578 2577 adversarii
616 2538 884 2578 auditoribus
915 2538 999 2577 iam
1031 2535 1298 2590 persuasisse
1329 2537 1540 2587 videntur,

131 2611 205 2646 aut
235 2607 310 2661 illi,
343 2609 457 2662 apud
491 2623 599 2663 quos
621 2611 850 2651 dicendum
883 2615 957 2662 est,
992 2608 1144 2649 defessi
1170 2613 1271 2649 sunt
1304 2609 1538 2661 audiend03

130 2679 289 2721 idcirco
317 2693 388 2721 eas
409 2694 488 2734 reS,
523 2695 635 2737 quae
661 2684 904 2723 auditorum
925 2682 1089 2723 animos
1121 2681 1361 2722 abalienare
1393 2681 1541 2733 solent,
