1863 3146
894 194 1128 233 -70—

306 311 542 352 rationibus
576 312 733 363 docuit,
772 311 843 351 sed
887 312 1012 351 etiam
1050 312 1095 350 in
1133 309 1311 364 reliquis
1356 310 1598 364 generibus,
1642 313 1720 351 im-

310 385 457 438 primis
490 385 534 423 in
558 395 712 436 genere
734 383 936 434 iudiciali,
962 390 1010 423 ut
1031 381 1177 435 paullo
1199 388 1295 437 post
1322 383 1719 424 demonstrabimus.

679 479 769 532 ΠΙ.
809 480 872 532 De
911 496 1077 547 genere
1115 480 1343 533 iudiciali.

446 563 498 604 Iu
533 577 685 618 genere
707 564 896 604 iudiciali
930 566 981 606 de
1004 578 1140 618 aequo
1173 571 1214 605 et
1244 566 1393 618 iniquo
1426 564 1719 605 disserendum

308 641 380 688 est,
421 649 602 689 quorum
641 637 723 676 loci
762 650 783 676 a
825 636 1040 689 Cicerone,
1080 642 1128 677 ut
1171 638 1255 677 iam
1293 637 1444 677 leviter
1491 637 1722 690 tetigimus,

309 709 455 749 ordine
502 710 686 762 partium
737 710 938 750 orationis
989 723 1117 762 quam
1169 710 1487 750 accuratissime
1543 709 1722 763 diligen-

308 782 556 835 tissimeque
589 786 878 835 exponuntur.

819 868 855 909 ].
891 867 962 909 De
996 869 1224 909 exordio.

450 939 690 980 Exordium
731 954 754 980 a
796 939 996 981 Cicerone
1036 940 1086 981 de
1128 942 1215 982 inv,
1256 940 1289 993 I,
1323 941 1462 991 1:5‚20
1504 941 1582 980 hac
1622 940 1722 980 defi-

309 1014 471 1053 nitione
520 1013 890 1066 circumscriptum
938 1026 1031 1054 esse
1083 1013 1301 1054 videmus:
1349 1012 1612 1065 „Exordium
1663 1018 1725 1053 est

309 1086 442 1126 oratio
476 1087 667 1126 animum
708 1086 913 1126 auditoris
946 1086 1099 1127 idonee
1132 1098 1384 1139 comparans
1418 1086 1469 1125 ad
1513 1086 1724 1139 reliquam

313 1159 586 1208 dictione1n;“
642 1159 754 1211 quod
810 1158 861 1199 ab
918 1164 1081 1199 oratore
1133 1158 1388 1212 perficietur,
1434 1160 1469 1199 si
1517 1171 1600 1211 eos,
1652 1159 1725 1212 qui

313 1231 506 1283 audiunt,
537 1230 779 1284 benevolos,
811 1236 1005 1284 attentos,
1037 1231 1192 1272 dociles
1226 1230 1433 1272 conficiet.

451 1302 570 1343 Haec
603 1304 682 1344 tria
714 1304 756 1343 in
781 1304 980 1344 omnibus
1008 1305 1175 1357 scriptis
1198 1303 1419 1344 rhetoricis
1445 1304 1727 1359 postulantur,

312 1377 397 1428 sed,
430 1377 542 1416 sicut
563 1377 608 1415 in
632 1375 726 1415 aliis
750 1388 920 1428 quoque
943 1378 1174 1430 praeceptis
1195 1376 1287 1417 fieri
1309 1375 1428 1429 solet,
1449 1389 1534 1416 non
1559 1389 1727 1431 semper

312 1449 456 1490 eadem
496 1450 661 1488 ratione
700 1449 1015 1501 exprimuntur.
1078 1449 1235 1490 Iisdem
1280 1449 1432 1501 verbis,
1479 1449 1635 1502 quibus
1675 1449 1725 1489 de

309 1525 393 1562 inv.
436 1521 469 1574 1,
516 1521 580 1573 15,
599 1521 667 1573 20,
706 1519 850 1561 Cicero
897 1535 945 1562 ea
991 1522 1261 1576 praescripsit
1306 1521 1356 1562 de
1395 1534 1451 1563 or.
1494 1521 1527 1574 Ι,
1570 1521 1725 1573 18‚26;

308 1595 364 1646 Π,
401 1594 559 1646 19,8Ο;
594 1597 674 1646 top.
713 1593 781 1643 26,
805 1594 878 1644 97,
914 1593 1007 1634 aliis
1040 1600 1179 1634 autem
1216 1607 1319 1634 usus
1352 1599 1415 1635 est
1447 1606 1505 1634 or.
1542 1592 1728 1646 35,122,

310 1667 383 1708 ubi
418 1667 547 1707 dixit:
583 1664 724 1716 „Quid
758 1667 870 1706 enim
904 1666 987 1705 iam
1021 1667 1225 1719 sequitur,
1258 1667 1371 1719 quod
1405 1666 1578 1719 quidem
1625 1667 1727 1706 artis

311 1742 376 1793 sit,
445 1740 527 1780 nisi
588 1739 717 1779 ordiii
784 1740 1030 1789 orationem,
1093 1740 1136 1778 in
1201 1751 1286 1791 quo
1347 1744 1421 1778 aut
1480 1739 1728 1779 concilietur

312 1814 480 1854 auditor
512 1818 586 1852 aut
619 1813 808 1865 erigatur
839 1818 911 1852 aut
944 1817 1061 1865 paret
1095 1824 1139 1852 se
1172 1812 1223 1851 ad
1257 1811 1531 1861 discendum3
1523 1812 1556 1831 ·“
1596 1815 1636 1851 et
1674 1811 1725 1851 de

312 1894 416 1940 part.
464 1899 522 1926 or.
563 1886 600 1937 8,
620 1886 686 1935 28,
731 1885 845 1925 unde
891 1885 995 1925 haec
1043 1883 1293 1924 afferantur:
1341 1883 1608 1936 „Sumuntur
1655 1883 1728 1938 [sc.

312 1956 536 2013 principia]
572 1963 713 1998 autem
748 1958 877 1998 trium
910 1970 1053 1997 rerum
1095 1957 1247 2010 gratia:
1293 1963 1339 1996 ut
1384 1957 1528 2008 amice,
1576 1961 1624 1996 ut
1667 1957 1731 1995 in·-

311 2032 570 2085 tellegenter,
606 2036 649 2070 ut
682 2035 838 2070 attente
870 2030 1135 2070 audiamiir.“

456 2102 570 2152 Quas
603 2115 669 2142 res
715 2108 852 2142 orator
884 2104 927 2141 in
962 2103 1055 2142 aliis
1088 2114 1314 2142 causarum
1348 2099 1614 2155 generibus1)
1648 2101 1731 2141 alia

313 2179 475 2218 ratione
509 2175 715 2227 consequi
747 2174 889 2214 studet
926 2186 1067 2227 neque
1100 2174 1244 2214 eodem
1281 2174 1455 2214 exordio
1488 2175 1634 2226 utitur,
1686 2178 1732 2213 ut

316 2249 563 2303 exemplum
607 2247 882 2300 proferamus,
933 2247 969 2286 si
1015 2259 1152 2300 genus
1201 2259 1355 2286 causae
1393 2247 1617 2286 honestum
1657 2251 1732 2298 est,

318 2323 433 2376 quod
467 2319 652 2371 adhibet,
683 2317 721 2359 si
753 2322 815 2359 est
846 2332 982 2372 genus
1016 2318 1276 2359 admirabile.
1341 2318 1480 2367 Quare
1503 2318 1648 2358 Cicero
1681 2318 1732 2358 de

314 2397 398 2435 inv,
431 2395 465 2447 Ι,
500 2395 566 2445 15,
586 2393 639 2432 20
675 2391 899 2432 exordium
937 2392 982 2431 in
1016 2391 1123 2432 duas
1155 2399 1295 2445 partes
1328 2392 1494 2432 divisit:
1540 2392 1583 2430 in
1617 2391 1732 2444 prin-

315 2467 472 2519 cipium
520 2472 560 2506 et
606 2466 647 2504 in
687 2464 1036 2505 insinuationem.
1100 2464 1426 2518 „Principiuni,“
1474 2464 1614 2517 inquit
1659 2463 1731 2503 illo

315 2537 420 2589 loco,
469 2544 556 2590 „est
603 2527 737 2578 oratio
785 2538 1009 2591 perspicue
1057 2543 1098 2577 et
1129 2538 1324 2590 protinus
1355 2536 1580 2591 perficiens
1612 2536 1732 2577 audi-

313 2619 449 2651 torem
484 2609 740 2650 benevolum
785 2616 858 2650 aut
891 2610 1069 2650 docilem
1104 2615 1178 2650 aut
1209 2614 1430 2650 attentum.
1492 2609 1730 2650 Insinuatio

457 2715 492 2756 1)
519 2693 613 2747 viwde‘
626 2725 659 2757 p.
685 2718 740 2750 41.
