1863 3146
790 194 1024 235 „93—

203 316 403 370 negotiali
436 315 486 354 de
520 314 610 352 iure
643 311 821 364 eiusque
853 311 1044 366 partibus
1068 311 1222 362 docuit,
1257 323 1306 351 ea
1338 310 1533 351 similiter
1566 311 1615 351 de

203 392 308 443 part.
355 401 413 428 or.
462 385 631 437 37,129
686 396 804 436 sequ.
861 385 1131 438 praescripsit
1185 387 1224 424 et
1270 382 1511 436 postulavit,
1567 387 1616 423 ut

205 464 344 501 orator
392 472 440 500 ea
485 470 653 511 semper
684 457 888 498 memoria
920 457 1164 498 custodiret.
1227 456 1382 495 Divisit
1414 458 1554 495 autem
1587 455 1614 496 l.

204 547 239 575 c.
272 534 341 573 ius
374 533 418 572 in
451 534 647 571 naturam
682 533 810 583 atque
836 529 987 582 legem,
1032 535 1264 582 utramque
1297 527 1449 567 deinde
1481 527 1523 566 in
1545 523 1616 566 'di-

205 606 353 645 vinum
387 607 428 645 et
460 604 697 643 humanum
728 603 796 642 ius
821 603 910 642 sive
933 603 977 641 in
1000 602 1250 655 religionem
1275 603 1315 641 et
1337 599 1613 652 aequitatem,

207 678 420 732 propriam
470 677 613 717 autem
660 674 797 727 legem
846 674 1062 714 distribuit
1107 675 1151 713 in
1184 674 1379 726 scriptam
1416 675 1542 724 atque
1572 671 1617 710 in

203 763 312 801 eam,
361 762 493 802 „quae
541 747 632 787 sine
665 745 816 788 litteris
849 750 921 787 aut
952 747 1143 799 gentium
1174 746 1268 786 iure
1301 748 1375 785 aut
1408 744 1614 784 maiorum

203 835 319 863 more
351 819 624 872 retinemur&
672 832 855 872 quarum
888 822 1027 873 partes
1059 819 1139 859 hoc
1171 819 1263 858 loco
1295 817 1496 871 persequi
1528 828 1614 856 non

204 908 310 949 opus
342 907 434 935 esse
467 890 816 946 existimamus.¹)

344 980 442 1020 Alia
489 991 588 1019 vero
638 977 782 1019 Cicero
822 981 906 1031 top.
942 977 1202 1029 23,89—90
1235 976 1458 1030 praecepit.
1521 975 1614 1015 Illic

208 1054 320 1094 enim
353 1054 398 1093 in
431 1052 634 1105 qualitate
668 1051 720 1091 ad
752 1051 832 1091 tria
864 1051 936 1090 illa
967 1062 1136 1103 genera,
1175 1049 1512 1097 deliberativum,
1547 1048 1616 1089 de-

209 1125 549 1176 monstrativum,
596 1122 797 1164 iudiciale
837 1123 1054 1175 spectavit.
1120 1122 1163 1163 Si
1196 1122 1248 1162 de
1280 1121 1517 1174 expetendo
1549 1120 1614 1160 fu-

202 1198 443 1251 giendoque
476 1199 765 1250 quaereretur,
809 1199 908 1247 „aut
947 1195 1078 1234 animi
1113 1197 1185 1234 aut
1217 1194 1403 1246 corporis
1436 1196 1509 1233 aut
1541 1205 1614 1232 ex-

205 1274 324 1311 terna
372 1270 441 1310 vel
487 1268 710 1310 commoda
760 1268 827 1308 vel
880 1266 1174 1307 incommoda“
1229 1265 1468 1306 adhibenda
1521 1277 1614 1306 esse

205 1343 331 1394 dixin
373 1343 409 1383 si
440 1354 541 1383 vero
576 1342 626 1382 de
660 1341 860 1393 „honesto
893 1340 1116 1393 turpique“
1151 1339 1451 1392 disputaretur,
1483 1339 1614 1378 animi

202 1416 314 1456 bona
346 1419 386 1456 et
418 1415 546 1465 mala3
586 1415 622 1455 si
655 1414 840 1467 denique
873 1413 923 1454 de
957 1425 1092 1466 aequo
1125 1415 1166 1453 et
1197 1412 1357 1465 iniquo,
1390 1411 1614 1465 aequitatis

203 1489 317 1529 locos
351 1487 677 1528 considerandos
710 1499 820 1537 esse3
868 1498 976 1539 quos
1007 1486 1051 1525 in
1084 1488 1279 1525 naturam
1314 1487 1354 1524 et
1384 1484 1614 1524 institutio-

203 1574 302 1601 nem
345 1561 526 1614 partitus
575 1564 648 1613 est,
700 1572 882 1613 quarum
925 1558 1041 1598 illam
1089 1558 1316 1598 tuitionem
1366 1557 1435 1597 sui
1472 1559 1513 1597 et
1544 1557 1613 1596 ius

205 1633 437 1674 ulciscendi
461 1633 693 1685 continere,
725 1633 832 1672 hanc
859 1632 903 1671 in
930 1634 1014 1671 tres
1046 1633 1186 1683 partes
1221 1630 1353 1670 dividi
1387 1629 1611 1669 discimus:

203 1708 245 1746 in
280 1706 525 1760 legitimam,
573 1705 910 1755 convenientem,
960 1703 1088 1743 moris
1136 1705 1346 1743 vetustate
1393 1702 1615 1742 firmatam.

205 1779 476 1832 Aequitatem
522 1779 660 1831 ipsam
699 1780 841 1818 autem
884 1776 936 1816 ad
976 1787 1151 1829 superos
1199 1775 1311 1828 deos,
1358 1775 1410 1815 ad
1458 1786 1617 1827 manes,

204 1852 256 1892 ad
304 1852 499 1892 homines
546 1850 758 1903 pertinere
815 1849 925 1889 dixit
971 1849 1040 1901 ita,
1091 1851 1139 1888 ut
1197 1847 1347 1901 pietas,
1402 1847 1617 1899 sanctitas,

203 1924 365 1965 iustitia
397 1927 469 1964 aut
501 1923 694 1976 aequitas
728 1923 971 1963 existerent.

345 2010 487 2062 Atque
515 2009 642 2049 etiam
665 2021 735 2050 eos
759 2009 873 2049 locos
897 2007 1041 2048 Cicero
1068 2006 1278 2059 exposuit,
1313 2005 1387 2059 qui
1409 2007 1616 2045 oratorem

204 2084 248 2123 in
283 2082 582 2123 controversiis
615 2094 669 2122 ex
701 2082 857 2135 scripto
890 2079 1168 2122 nascentibus
1201 2079 1416 2119 adiuvant.

346 2167 389 2209 Si
411 2180 466 2209 ex
488 2165 728 2222 ambiguo2)
764 2169 1053 2208 controversia
1083 2166 1142 2218 fit,
1174 2165 1449 2207 ostendemus
1471 2175 1617 2205 omnes

348 2350 384 2392 1)
409 2348 534 2382 Paullo
559 2354 650 2389 ante,
679 2348 721 2382 de
747 2350 837 2392 part.
865 2358 913 2382 or.
932 2349 988 2389 28,
1007 2350 1072 2384 100
1091 2347 1209 2382 Cicero
1236 2347 1278 2381 de
1303 2346 1379 2384 iure
1405 2345 1501 2381 civili
1528 2345 1615 2389 egit3

205 2411 300 2455 quod
339 2411 376 2444 in
415 2409 530 2453 legem
568 2411 602 2443 et
639 2408 676 2443 in
709 2419 842 2444 morem
868 2408 1003 2453 divisit,
1040 2408 1152 2453 legem
1180 2410 1297 2442 autem
1322 2406 1519 2453 partimin
1545 2407 1617 2450 pri-

204 2471 298 2505 vatis
322 2471 438 2514 rebus,
480 2470 613 2515 partim
653 2470 689 2503 in
729 2470 883 2514 publicis
916 2470 1050 2504 versari
1075 2469 1172 2505 dixit.
1223 2468 1443 2511 Quibuscum
1470 2467 1500 2502 si
1526 2478 1617 2502 com-

204 2542 372 2575 paramus
415 2542 466 2574 ea,
505 2541 596 2575 quae
634 2541 742 2576 supra
768 2531 962 2573 attulimus,
1002 2531 1123 2565 statim
1149 2530 1389 2575 intellegimus
1414 2529 1507 2564 hano
1532 2528 1618 2563 iuris

205 2592 319 2627 civilis
356 2593 588 2637 partitionem
626 2593 782 2637 proxime
821 2594 865 2627 ad
903 2603 981 2628 eam
1020 2592 1197 2634 accedere,
1236 2602 1308 2636 qua
1344 2590 1417 2626 illic
1451 2590 1488 2624 in
1515 2589 1617 2633 „lege

204 2653 369 2698 propria“
397 2664 481 2687 usus
508 2656 570 2688 est.

344 2714 378 2758 2)
407 2714 448 2748 de
474 2714 544 2750 inv.
573 2715 617 2760 11,
644 2717 890 2760 40,116—41‚
908 2718 992 2756 1213
1021 2715 1063 2749 de
1090 2716 1178 2758 part.
1209 2724 1257 2751 or.
1284 2716 1341 2758 38,
1360 2715 1554 2750 132—133.
