1863 3146
233 762 411 839 Studio
445 800 674 852 occupatus
700 800 890 838 veterum
920 799 1184 851 scriptorum,
1219 800 1293 852 qui
1327 799 1376 840 de
1410 803 1496 840 arte

94 869 300 910 rhetorica
353 873 550 923 egerunt,
613 871 737 910 etiam
798 870 849 910 ad
913 869 1041 910 libros
1093 883 1115 909 a
1169 869 1391 916 Cornificio
1445 872 1496 911 ad

92 940 135 981 C.
167 941 436 982 Herennium
469 942 646 994 scriptos
686 943 860 996 accessi3
901 955 1008 995 quos
1041 955 1137 982 cum
1177 942 1372 994 legerem,
1411 955 1494 982 non

91 1014 240 1054 inutile
272 1013 376 1054 mihi
407 1014 546 1053 visum
586 1016 649 1053 est
685 1027 733 1054 ea
765 1027 1020 1068 comparare,
1060 1027 1170 1067 quae
1210 1013 1356 1054 Cicero
1397 1027 1494 1054 cum

90 1086 133 1124 in
165 1085 284 1126 libris
323 1085 398 1137 „de
438 1086 724 1138 inventione‘⁸‚
765 1090 853 1126 tum
897 1087 942 1126 in
984 1085 1286 1139 posterioribus
1328 1086 1494 1138 scriptis

90 1157 140 1198 de
187 1158 367 1212 singulis
414 1157 542 1198 rebus
589 1160 628 1197 et
680 1157 870 1210 partibus
922 1158 1079 1198 docuit.
1160 1157 1242 1197 Sed
1290 1158 1492 1210 quoniam

89 1230 241 1270 iterum
289 1233 416 1284 atque
463 1230 616 1270 iterum
666 1230 709 1269 in
757 1242 945 1270 summas
992 1228 1273 1281 difficultates,
1339 1229 1494 1282 quibus

90 1302 281 1353 plurimis
314 1301 511 1342 Cornifici
554 1301 682 1343 libros
727 1302 945 1342 abundare
989 1302 1088 1341 satis
1133 1304 1309 1353 constat⁷
1352 1301 1494 1354 incidi,

92 1374 240 1414 indies
262 1375 396 1428 magis
423 1374 677 1427 opusculum
701 1373 946 1425 desideravi,
979 1373 1091 1427 quod
1113 1375 1254 1414 omnia
1280 1373 1494 1414 Ciceronis

94 1449 313 1500 praecepta
346 1447 396 1487 de
417 1444 660 1499 eloquentia
693 1457 746 1485 ex
779 1445 977 1485 omnibus
1010 1447 1101 1486 eius
1123 1445 1241 1486 libris
1271 1445 1491 1486 rhetoricis

20 1548 26 1550 -
44 1544 66 1559 ,φ
85 1518 241 1559 collata
273 1519 517 1559 contineret.

228 1590 405 1644 Suscepi
427 1591 557 1644 igitur
579 1603 684 1643 opus
707 1590 823 1641 utile,
850 1589 922 1630 sed
946 1591 1072 1630 etiam
1097 1591 1199 1631 satis
1220 1589 1496 1641 laboriosum,

86 1661 219 1716 idque
251 1664 300 1703 'eo
332 1662 537 1703 libentius
569 1662 660 1712 feci,
693 1663 791 1714 quia
823 1674 962 1714 nuper
985 1662 1256 1703 doctissimus
1289 1661 1493 1701 librorum

88 1733 304 1775 Ciceronis
351 1735 485 1775 editor
537 1731 823 1786 Harnecker1)
872 1733 1009 1774 denuo
1057 1735 1244 1783 monuit,
1307 1739 1351 1774 ut
1397 1733 1492 1773 talis

86 1805 256 1847 libellus
288 1807 459 1847 tandem
492 1809 825 1859 componeretur.

225 1878 374 1919 Libere
400 1877 602 1918 confiteor
625 1891 708 1918 non
743 1879 834 1918 sine
861 1878 1015 1918 sudore
1041 1891 1105 1918 me
1137 1891 1226 1918 rem
1248 1877 1492 1931 perfecisse;

89 1963 185 1991 nam
217 1951 372 1991 iterum
394 1951 637 2003 iterumque
661 1949 873 1990 Ciceronis
899 1949 1031 1990 libros
1054 1953 1175 1990 caute
1198 1948 1493 2002 industrieque

86 2023 344 2076 perlustrare
377 2025 416 2062 et
447 2023 704 2075 perscrutari
737 2021 876 2071 debui,
911 2022 1052 2074 quoad
1075 2023 1217 2062 omnia
1250 2021 1350 2061 satis
1382 2020 1493 2060 dilu—

87 2095 180 2135 cide
213 2095 381 2148 cognita
425 2097 465 2134 et
509 2096 728 2147 perspecta
773 2092 971 2134 haberem
1015 2107 1150 2147 eaque
1189 2095 1248 2134 ita
1281 2092 1493 2145 explicare

86 2179 210 2221 posse
242 2160 346 2207 mihi
378 2166 557 2217 viderer,
603 2170 651 2206 ut
684 2166 756 2218 qui
790 2166 1130 2206 dissertationem
1175 2176 1313 2205 meam
1351 2164 1493 2216 inspe-

86 2239 210 2291 xerit,
242 2239 380 2279 statim
417 2239 558 2278 omnia
590 2238 788 2278 facillime
820 2238 1096 2291 intellegeret.

227 2311 355 2351 Initio
391 2323 501 2363 vero,
541 2323 638 2350 cum
665 2311 717 2351 ad
750 2311 863 2350 hanc
897 2310 1186 2362 quaestionem
1234 2308 1494 2361 aggrederer,

90 2383 134 2423 in
182 2383 324 2423 animo
376 2383 456 2424 fuit
503 2384 657 2435 omnia,
705 2394 811 2435 quae
859 2380 1002 2422 Cicero
1051 2381 1101 2421 de
1148 2383 1238 2420 arte
1284 2380 1494 2420 rhetorica

86 2455 263 2509 scripsit,
314 2467 577 2509 componere,
625 2454 827 2505 conferre,
874 2454 985 2493 inter
1032 2463 1076 2492 se
1110 2463 1372 2506 comparare3
1420 2450 1493 2491 sed

87 2529 132 2568 in
181 2526 440 2568 elaborando
488 2527 706 2568 celerrime
752 2525 946 2566 intellexi
990 2524 1091 2575 fore,
1140 2526 1187 2564 ut
1231 2523 1493 2577 propositum

230 2652 261 2698 1)
282 2652 401 2688 Cicero
417 2653 482 2697 „de
498 2655 657 2688 oratore‘'·
674 2653 726 2688 ed.
742 2650 1117 2688 Piderit-Harnoekerss
1133 2651 1228 2694 Lips.
1251 2652 1494 2687 1886—1890.

86 2713 195 2756 praef.
221 2724 254 2757 p.
282 2717 337 2750 51.
363 2716 418 2750 60.
446 2717 502 2750 62.
1263 2734 1307 2794 1'
