1863 3146
721 190 954 230 -25-

89 366 91 368 q
278 312 451 353 Constat
491 310 621 364 igitur
653 309 897 350 Ciceronem
935 308 980 348 in
1012 307 1117 358 loco,
1164 317 1246 358 quo
1281 303 1332 344 de
1365 302 1546 343 statibus

134 385 354 437 disseruit,
400 382 593 437 eligendo
639 382 845 431 variasse,
901 380 943 420 id
991 391 1126 418 unum
1174 380 1313 418 autem
1353 374 1547 415 videmus

135 471 234 499 eum
265 458 310 497 in
357 454 558 496 omnibus
600 454 768 507 scriptis
815 452 1033 493 rhetoricis
1067 450 1117 490 de
1149 450 1202 490 iis
1234 449 1387 503 egisse,
1432 450 1547 487 ante-

139 543 270 583 quam
309 528 360 569 de
398 531 517 582 parte
556 526 736 580 quadam
765 524 892 565 officii
925 524 1095 564 oratorii
1128 523 1368 563 accuratius
1401 525 1440 561 et
1473 533 1546 560 ex-

137 602 338 656 quisitius
393 600 609 654 disputare
652 599 873 652 inciperet3
923 609 1040 648 nam,
1087 598 1136 635 ut
1175 607 1304 648 supra
1346 594 1550 645 diximus,

135 675 255 715 illum
300 673 445 714 locum
489 672 715 725 „oratoris“
757 667 938 725 [14,45],
980 668 1056 708 ubi
1095 670 1228 708 status
1261 667 1340 708 sub
1374 668 1546 719 „inven-

139 747 279 787 tione·‘
310 745 459 786 leviter
490 745 639 798 tetigit,
672 744 865 796 excipere
898 741 1115 782 debemus.
1184 739 1239 780 Et
1270 739 1474 779 hactenus
1498 738 1548 778 de

141 818 354 861 Cicerone.
931 823 933 825 ·

280 891 350 931 Ex
393 889 676 931 recentiorum
719 891 860 928 autem
899 898 1096 937 numero,
1140 885 1214 938 qui
1260 884 1310 924 de
1356 888 1548 923 veterum

140 964 302 1005 artibus
347 962 567 1003 rhetoricis
612 961 892 1013 scripserunt,
944 960 1079 1013 primo
1124 959 1215 998 loco
1264 955 1550 996 nominandus

140 1042 202 1079 est
234 1033 528 1088 Volkmann,1)
576 1034 698 1073 cuius
736 1032 868 1073 libros
907 1044 1115 1073 summam
1157 1031 1383 1070 utilitatem
1431 1027 1555 1068 nobis

139 1107 340 1163 praebere
392 1119 547 1160 negare
600 1119 686 1146 non
739 1117 986 1158 possumuS;
1054 1108 1240 1144 attamen
1295 1101 1553 1152 dubitamus,

141 1193 247 1221 num
291 1192 363 1221 eos
407 1180 453 1219 in
497 1179 574 1218 hac
617 1190 676 1228 re,
730 1177 779 1217 de
822 1190 905 1230 qua
938 1178 1199 1230 quaerimus,
1256 1175 1379 1228 sequi
1411 1174 1553 1225 liceat3

144 1254 287 1306 agitur
329 1253 443 1293 enim
484 1252 527 1291 in
568 1252 621 1291 iis
660 1250 709 1290 de
748 1249 927 1290 statibus
961 1249 1039 1290 sub
1074 1248 1378 1301 „inventione“,
1427 1259 1557 1300 quam

141 1327 318 1380 primam
365 1327 526 1379 partem
567 1322 693 1363 officii
727 1324 902 1363 oratoris
936 1335 1028 1364 esse
1061 1322 1237 1372 scimus,
1267 1333 1368 1360 cum
1401 1319 1559 1372 Cicero,

144 1402 192 1438 ut
223 1396 365 1451 paullo
399 1400 498 1437 ante
531 1396 691 1436 dictum
725 1398 797 1447 est,
830 1408 901 1436 eos
928 1408 1143 1448 nusquam
1168 1394 1250 1434 nisi
1272 1394 1316 1432 in
1342 1392 1556 1445 „oratore“

144 1468 223 1510 sub
271 1469 448 1509 materia
494 1469 595 1508 artis
636 1471 919 1521 pertractaret.
1002 1468 1109 1508 Item
1157 1480 1243 1507 non
1284 1479 1381 1507 eum
1416 1465 1557 1505 locum

144 1543 332 1596 accipere
385 1553 634 1595 possumus,
703 1553 787 1593 quo
845 1538 1138 1593 Harueoker2)
1191 1541 1236 1579 in
1302 1538 1562 1592 praefatione

142 1614 340 1654 editionis
374 1626 476 1654 suae
508 1617 642 1654 status
675 1613 920 1666 collocavit3
954 1626 1052 1653 nam
1085 1614 1120 1653 is
1153 1611 1336 1652 eundem
1370 1611 1561 1651 ordinem

142 1685 346 1739 adhibuit,
398 1690 481 1740 quo
515 1685 696 1726 Crassus
731 1684 780 1725 de
814 1698 872 1724 or.
905 1684 940 1737 I,
973 1683 1042 1735 31,
1078 1685 1160 1725 138
1194 1697 1312 1739 sequ.
1346 1696 1452 1724 usus
1485 1688 1561 1733 est,

145 1759 173 1800 i.
219 1771 254 1801 e.
300 1759 485 1812 primum
539 1758 590 1799 de
635 1757 958 1811 quaestionibus
996 1757 1173 1798 infinitis
1207 1761 1245 1796 et
1276 1756 1410 1796 finitis
1444 1755 1566 1807 dixit,

145 1832 297 1873 deinde
338 1832 389 1872 de
427 1831 628 1877 statibus,
681 1842 785 1884 quos
829 1831 1000 1883 utrique
1040 1829 1279 1883 quaestioni
1327 1828 1564 1881 subiunxit,

144 1909 236 1948 tum
269 1904 320 1945 de
353 1904 490 1945 tribus
512 1904 596 1944 iliis
617 1903 858 1957 generibus,
892 1902 1233 1955 demonstrativo,
1283 1901 1569 1953 deliberativo,

143 1977 347 2026 iudiciali,
399 1981 494 2030 post
527 1977 576 2017 de
609 1975 801 2030 partibus
835 1975 961 2015 officii
994 1976 1186 2026 oratoris,
1238 1974 1291 2014 ad
1324 1977 1564 2014 extremum

149 2049 203 2089 de
249 2048 444 2103 partibus
486 2050 702 2090 orationis.
789 2045 966 2102 ssaderss)
1004 2051 1147 2088 autem
1193 2048 1235 2087 in
1270 2047 1566 2087 dissertatione

149 2135 228 2162 sua
260 2122 312 2163 d’e
344 2122 723 2163 constitutionibus
756 2122 853 2175 egit,
886 2120 959 2161 ubi
983 2120 1197 2161 Ciceronis
1225 2123 1447 2174 praecepta
1470 2131 1568 2159 cum

150 2196 216 2247 iis,
266 2208 375 2248 quae
415 2195 460 2234 in
495 2194 695 2234 Cornifici
733 2199 821 2234 arte
864 2194 1072 2234 rhetorica
1116 2194 1412 2242 inveniuntur,
1459 2204 1570 2231 com-

149 2269 328 2321 paravit,
360 2268 433 2308 sed
466 2270 558 2307 tum
594 2267 777 2318 demum,
811 2271 1037 2320 postquam
1070 2264 1282 2318 exposuit,
1318 2274 1426 2315 quae
1460 2265 1573 2303 uter-

300 2410 332 2455 1)
361 2410 452 2453 „Die
491 2410 664 2445 Rhetorik
702 2412 764 2445 der
801 2408 978 2444 Gricchen
1017 2396 1088 2440 und
1126 2405 1278 2439 Romer⁴‘
1306 2406 1322 2429 2
1346 2406 1440 2450 Lips.
1469 2409 1573 2443 1835.

106 2491 112 2495 -
155 2470 348 2514 „Rhetorik
373 2472 436 2506 der
463 2471 635 2506 Griechen
661 2472 732 2506 und
757 2471 908 2505 Romer“
935 2470 971 2502 in
998 2466 1159 2512 „Haben
1186 2466 1218 2500 d.
1243 2464 1291 2502 kl.
1307 2464 1571 2500 Altertumswf·

154 2532 197 2566 ed
221 2531 275 2568 Iv.
301 2542 333 2566 v.
358 2531 490 2566 Mffller
520 2531 535 2555 ‘2
560 2532 655 2566 Mon.
686 2535 791 2576 1890;
831 2530 898 2566 voi.
924 2529 972 2575 11,
997 2540 1031 2573 p.
1059 2530 1258 2565 639—676.

296 2592 331 2637 2)
359 2590 497 2629 Cicero:
537 2594 602 2636 „de
656 2592 816 2628 oratore“
868 2591 921 2625 ed.
971 2587 1364 2623 Piderit-Harnecker.
1391 2587 1406 2609 ⁶
1479 2586 1573 2630 Lips.

157 2655 405 2690 1886—1890.

299 2714 333 2757 3)
348 2714 423 2756 „De
438 2713 614 2750 Ciceronis
628 2714 881 2749 rhetoricorum
894 2711 1031 2747 iibris.“
1062 2710 1157 2744 Diss.
1171 2709 1291 2754 inaug.
1319 2709 1454 2754 Gryph.
1473 2709 1576 2744 1869.
