1863 3146
909 207 1140 247 -36--

314 331 430 371 (111111.
496 327 605 368 Nam
639 329 713 367 aut
744 327 805 366 ita
838 323 1158 365 consistendum
1192 326 1265 373 est,
1298 325 1345 363 ut
1376 322 1431 374 id,
1470 322 1580 375 quod
1619 321 1722 362 obii-

314 403 433 453 citur,
466 400 624 440 factum
658 410 806 450 neges,
841 398 914 436 aut
946 395 1063 447 illud,
1083 395 1196 449 qnod
1212 394 1374 435 fac-tum
1405 394 1573 446 fateare,
1595 407 1723 448 neges

313 487 401 515 eam
438 473 522 512 vim
558 470 710 510 habere
746 472 873 522 atque
906 468 948 508 id
981 480 1084 520 esse,
1133 467 1247 520 quod
1281 467 1551 506 adversarius
1585 467 1724 506 crimi-

312 550 453 596 netur,
487 547 571 595 aut,
604 543 639 582 si
672 554 812 594 neque
844 542 893 581 de
916 540 1023 580 facto
1057 552 1197 593 neque
1230 539 1280 579 de
1313 539 1409 578 facti
1442 538 1723 591 appellatione

313 616 469 668 ambigi
503 618 651 668 potest,
699 614 754 665 id,
802 613 916 666 quod
950 625 1143 666 arguere,
1187 624 1312 663 neges
1346 611 1430 650 tale
1464 623 1566 663 0330,
1600 610 1724 664 quale

312 689 383 729 1110
418 689 540 739 dicat,
585 691 625 728 et
657 692 819 727 rectum
853 698 956 733 esse,
997 670 1113 738 quod
1158 684 1320 735 feceris,
1342 682 1725 724 concedendumve

314 761 530 802 defendas.
597 760 691 799 102.
726 759 790 799 Ita
824 759 985 811 primns
1017 757 1088 797 ille
1120 760 1254 797 status
1287 760 1326 797 et
1360 756 1480 809 quasi
1514 754 1724 795 conflictio

313 847 408 874 cum
443 833 687 873 adversario
721 832 964 871 coniectura
999 829 1194 882 quadarn,
1227 829 1444 870 secundus
1479 830 1621 867 autem
1656 827 1726 867 de-

311 905 501 946 finitione
535 909 660 957 atque
695 904 978 956 descriptione
1018 905 1091 941 aut
1128 901 1427 941 informatione
1467 900 1597 952 verbi,
1643 902 1724 940 101·-

314 979 398 1019 tius
432 978 555 1029 aequi
601 981 641 1017 et
682 977 767 1016 veri
800 980 840 1016 et
879 975 980 1015 recti
1026 978 1065 1014 et
1104 974 1280 1013 humani
1321 973 1373 1013 ad
1418 972 1724 1026 ignoscendum

314 1050 597 1103 disputatione
646 1049 891 1089 tractandus
939 1048 1039 1088 031.“
1118 1045 1179 1086 De
1218 1057 1371 1098 genere
1411 1045 1533 1099 legali
1572 1049 1725 1096 autem,

311 1124 394 1176 egit
427 1123 476 1162 de
510 1125 612 1175 part.
647 1135 705 1161 or.
743 1122 809 1171 31,
846 1121 927 1160 108
967 1120 1044 1159 1100
1077 1119 1224 1159 modo:
1274 1117 1406 1169 „Cum
1456 1120 1597 1158 autem
1646 1120 1721 1156 aut

313 1196 433 1249 plura
466 1193 759 1247 significantur
806 1193 960 1245 scripto
1010 1194 1176 1245 propter
1217 1190 1335 1230 verbi
1382 1194 1455 1229 aut
1498 1189 1725 1230 verborum

313 1267 644 1320 ambiguitatem,
684 1270 731 1306 ut
763 1266 888 1306 liceat
921 1266 973 1317 ei,
1023 1265 1096 1317 qui
1128 1267 1274 1303 contra
1309 1262 1429 1311 dicat,
1476 1275 1523 1303 eo
1563 1262 1727 1302 trahere

312 1340 664 1394 significationem
714 1339 872 1391 scripti,
920 1350 1002 1390 quo
1049 1336 1247 1389 expediat
1289 1338 1362 1375 aut
1395 1335 1515 1386 velit,
1565 1338 1648 1387 aut,
1692 1335 1728 1375 si

313 1412 512 1466 ambigue
558 1412 762 1465 scriptum
809 1424 894 1450 non
928 1411 993 1462 sit,
1038 1410 1104 1450 vel
1147 1423 1170 1449 a
1205 1407 1346 1448 verbis
1380 1408 1642 1447 voluntatem
1689 1410 1729 1447 et

312 1486 561 1526 sententiam
597 1484 811 1534 scriptoris
844 1483 1055 1523 abducere
1089 1482 1156 1521 vel
1203 1481 1283 1521 3110
1331 1493 1374 1521 30
1414 1479 1560 1520 03(10111
1603 1479 1652 1519 (10
1686 1492 1730 1520 re

313 1559 520 1598 contrarie
568 1557 721 1609 scripto
763 1556 1000 1607 defendere,
1047 1560 1139 1594 tum
1187 1553 1433 1606 disceptatio
1482 1565 1535 1592 ex
1584 1552 1729 1605 scripti

314 1631 585 1671 contentione
634 1629 813 1679 exsistit,
858 1632 905 1668 ut
952 1629 995 1667 in
1044 1626 1258 1678 ambiguis
1306 1625 1576 1678 disceptetur,
1626 1625 1730 1677 quid

313 1704 501 1743 maxime
535 1701 823 1755 significetur,
854 1703 899 1741 in
928 1701 1074 1753 scripti
1101 1699 1419 1750 sententiaeque
1447 1697 1728 1746 contentione,

315 1780 456 1816 utrum
490 1776 631 1829 petius
655 1778 859 1827 sequatur
884 1772 1035 1821 iudex,
1066 1772 1109 1811 in
1133 1771 1355 1811 contrariis
1378 1770 1560 1822 scriptis,
1584 1772 1727 1810 utrum

315 1850 448 1901 magis
500 1849 553 1888 sit
600 1845 1003 1899 comprobamluin.“
1087 1843 1154 1883 Ex
1201 1843 1347 1883 multis
1397 1855 1494 1883 vero
1540 1842 1728 1895 partibus

313 1921 407 1972 illis,
442 1933 546 1973 quas
567 1919 710 1959 Cicero
745 1919 795 1958 de
818 1919 906 1958 inV.
929 1917 961 1967 Ι,
984 1918 1046 1965 11,
1074 1916 1242 1956 14—15
1263 1901 1318 1956 ⁴et
1351 1914 1403 1968 Π,
1426 1914 1493 1967 21,
1513 1915 1564 1954 62
1591 1916 1726 1968 sequi.

319 1993 610 2033 constitutioni
642 1992 830 2044 generali
863 1989 1054 2041 subiecit,
1103 1989 1147 2028 in
1195 1988 1274 2028 1100
1312 1986 1419 2027 libro
1465 1988 1597 2028 solam
1631 2001 1732 2028 con-

317 2066 549 2105 cessionem
584 2064 737 2103 leviter
770 2064 919 2116 tetigit,
958 2076 1050 2102 011111
1094 2062 1144 2102 (10
1181 2064 1284 2114 part.
1319 2073 1375 2101 or.
1412 2060 1478 2113 37,
1515 2061 1593 2101 131
1628 2061 1728 2101 3011-

311 2137 452 2178 beret:
479 2136 546 2189 „Si
569 2136 862 2189 imprudenter
891 2139 962 2174 aut
989 2135 1239 2174 necessitate
1272 2136 1345 2172 aut
1377 2145 1475 2172 casu
1511 2133 1725 2186 quidpiam

312 2210 468 2260 fecerit,
607 2209 654 2248 ad
706 2210 796 2248 01113
842 2208 939 2248 facti
989 2206 1326 2259 deprecationem
1372 2205 1619 2258 ignoscendi
1656 2218 1727 2258 pe-

312 2283 438 2323 tenda
473 2283 594 2322 venia
629 2284 704 2333 est,
743 2293 852 2334 quae
887 2283 1082 2320 sumetur
1114 2291 1167 2318 ex
1201 2278 1414 2331 plerisque
1447 2277 1551 2317 10013
1584 2279 1727 2331 aequi-

312 2356 449 2396 tatis.“
530 2354 668 2394 Etiam
732 2353 1049 2393 translationem
1110 2350 1456 2390 commemoravit
1520 2350 1570 2390 de
1621 2354 1725 2404 part.

313 2441 371 2467 or.
408 2428 474 2478 28,
510 2428 575 2479 99,
621 2426 695 2466 sed
744 2426 793 2466 (10
841 2438 889 2465 03
937 2425 1070 2476 magis
1118 2426 1213 2463 ante
1251 2422 1470 2472 iudicium,
1515 2436 1641 2475 quam
1682 2423 1726 2463 in

312 2501 402 2553 ipso
436 2500 591 2539 iudicio
625 2499 835 2552 agendum
872 2510 961 2538 esse
987 2497 1144 2545 docuit,
1167 2508 1264 2536 cum
1292 2497 1334 2535 in
1361 2508 1409 2535 03.
1432 2496 1724 2548 quaerendum

313 2576 442 2612 esset:
493 2576 592 2622 „aut
625 2574 732 2612 sitne
766 2571 873 2610 actio
906 2571 979 2623 1111,
1029 2570 1101 2623 qui
1135 2569 1232 2621 agit,
1282 2570 1354 2607 aut
1392 2562 1532 2608 iamne
1566 2568 1620 2608 sit
1652 2571 1726 2608 aut

313 2657 414 2685 num
463 2645 546 2684 iam
596 2657 687 2685 esse
736 2644 907 2684 desierit
955 2646 1027 2683 aut
1077 2642 1203 2682 illane
1250 2641 1354 2694 lege,
1411 2640 1531 2681 hisne
1584 2639 1725 2681 verbis

312 2717 366 2757 sit
397 2717 539 2756 actio.“
