1863 3146
702 201 934 240 *41—

112 320 180 371 22,
212 317 265 358 86
309 322 449 371 partes
507 319 807 372 quaestionum
854 317 1125 358 infinitarum
1171 317 1303 359 finitis
1355 330 1524 373 quoque

108 389 432 445 quaestionibus
464 390 663 441 subiecit;
699 394 826 444 atque
854 391 954 431 huic
989 389 1157 443 quiden]
1194 391 1254 430 rei
1298 391 1525 445 respondet

107 463 215 503 illud
247 461 466 504 Ciceronis
497 467 781 517 praeceptum,
815 463 865 504 de
899 476 983 516 quo
1007 475 1135 516 supra
1168 463 1346 516 egimus,
1376 475 1524 504 omnes

109 548 262 576 causas
295 539 431 576 certas
464 535 515 576 ad
547 548 685 589 genus
718 536 970 576 universum
1004 534 1288 576 traducendas
1321 548 1426 577 esse.

249 608 312 648 De
351 620 576 648 causarum
623 621 728 649 vero
770 620 823 648 ex
862 608 1110 648 intentionis
1155 608 1412 661 impulsione
1452 621 1524 648 na-

107 680 314 720 scentium
368 681 593 734 partitione
633 680 777 721 Cicero
816 693 1029 734 nusquam
1080 680 1290 733 disseruit,
1348 682 1431 721 nisi
1477 682 1522 721 in

105 753 241 806 primo
273 752 479 793 librorum
515 752 589 805 „de
621 753 903 793 inventione&
968 751 1174 806 Persaepe
1208 753 1319 793 enim
1354 753 1521 802 accidit,

106 829 153 865 ut
186 826 341 866 oratori
372 826 416 865 in
450 825 595 866 eadem
636 826 825 866 oratione
868 820 951 865 non
994 825 1132 866 solum
1167 825 1218 865 de
1260 838 1343 865 una
1377 837 1519 875 causa,

110 897 184 938 sed
217 897 268 937 de
298 897 494 951 pluribus
533 897 744 950 agendum
783 899 847 937 sit.
912 897 1050 946 Quare
1093 901 1237 938 noster
1283 909 1436 938 causas
1475 898 1518 936 in

109 970 194 1011 duo
255 982 411 1023 genera
474 969 706 1010 distribuit:
770 971 813 1009 in
877 971 1089 1024 simplices
1148 974 1187 1010 et
1238 970 1279 1009 in
1334 970 1515 1010 iunctas.

106 1042 444 1096 „Constitutione
476 1044 665 1093 causae,“
697 1043 837 1095 inquit
870 1042 922 1082 de
954 1043 1040 1084 inv.
1073 1042 1105 1095 I,
1132 1044 1196 1094 12,
1232 1043 1296 1093 17,
1332 1045 1519 1095 „reperta

105 1116 246 1156 statim
284 1115 422 1168 placet
459 1114 740 1166 considerare,
780 1119 925 1155 utrum
967 1128 1094 1155 causa
1139 1116 1192 1155 sit
1240 1115 1422 1168 simplex
1465 1127 1518 1154 au

103 1189 267 1238 iuncta3
302 1190 342 1228 et
374 1187 408 1227 si
440 1187 585 1227 iuncta
617 1187 708 1240 erit,
741 1192 883 1228 utrum
917 1189 970 1228 sit
1001 1201 1054 1228 ex
1087 1187 1283 1241 pluribus
1309 1188 1519 1239 quaestio-

105 1260 234 1301 nibus
273 1261 418 1300 iuncta
456 1272 510 1299 an
550 1272 599 1300 ex
642 1261 782 1314 aliqua
822 1261 1148 1314 comparatione.
1212 1259 1403 1313 Simplex
1441 1264 1516 1310 est,

106 1346 215 1387 quae
247 1332 484 1374 absolutam
521 1333 565 1371 in
606 1344 649 1372 se
689 1333 880 1373 continet
922 1346 1052 1373 unam
1096 1333 1388 1385 quaestionem
1422 1363 1427 1370 .

106 1405 345 1447 Coniuncta
378 1418 433 1446 ex
464 1404 659 1458 pluribus
683 1405 1016 1458 quaestionibus,
1048 1406 1091 1445 in
1129 1418 1213 1458 qua
1246 1404 1366 1457 plura
1391 1417 1518 1457 quae-

103 1481 260 1519 runtur
291 1511 300 1520 .
335 1511 342 1518 .
376 1509 386 1519 .
418 1476 485 1517 Ex
519 1479 844 1530 comparatione,
877 1478 921 1517 in
954 1491 1036 1530 qua
1069 1491 1146 1532 per
1186 1478 1515 1528 contentionem,

103 1555 248 1592 utrum
280 1551 423 1604 potius
457 1548 546 1606 [aut
579 1549 681 1603 quid
715 1550 982 1603 potissimum
1019 1551 1102 1605 sit],
1141 1550 1360 1603 quaeritur
1391 1584 1398 1589 .
1438 1583 1446 1591 .
1481 1551 1519 1589 .“

103 1622 208 1664 Cum
238 1624 318 1664 hoc
348 1623 439 1663 1000
463 1635 614 1663 causas
637 1623 869 1675 quantitate
893 1622 1111 1669 divideret,
1135 1623 1184 1662 de
1206 1623 1293 1664 inv,
1318 1621 1349 1674 I,
1375 1623 1440 1674 15,
1464 1622 1516 1662 20

103 1697 157 1737 ad
180 1696 427 1750 qualitatem
447 1696 550 1750 sive,
574 1699 622 1735 ut
644 1696 700 1735 ita
725 1695 928 1747 dicamus,
951 1695 1003 1735 ad
1028 1695 1263 1735 decentiam
1288 1708 1515 1735 causarum

101 1769 291 1823 respexit
328 1780 462 1821 eaque
511 1768 674 1808 ratione
714 1768 908 1821 quinque
948 1781 1104 1821 genera
1144 1781 1290 1808 earum
1330 1769 1514 1808 invenit:

100 1842 342 1894 honestum,
382 1839 642 1890 admirabile,
682 1840 857 1892 humile,
908 1853 1073 1894 anceps,
1119 1841 1362 1892 obscurum,
1409 1853 1517 1894 quae

99 1913 128 1957 1.
162 1927 197 1956 C.
231 1914 296 1955 his
329 1912 647 1954 definitionibus
680 1913 1030 1967 circumscripsit:
1064 1912 1328 1965 „Honestum
1363 1925 1518 1954 causae

101 1998 239 2039 genus
271 1988 345 2038 est,
378 1985 447 2025 cui
480 1987 620 2025 statim
656 1986 749 2025 sine
782 1986 972 2027 oratione
1003 1990 1147 2026 nostra
1172 1985 1519 2029 favetauditoris

104 2058 291 2109 animus3
326 2057 589 2108 admirabile,
624 2070 646 2097 a
680 2070 763 2111 quo
798 2062 860 2098 est
893 2058 1103 2099 alienatus
1145 2060 1315 2099 animus
1355 2071 1516 2111 eorum,

103 2131 176 2183 qui
208 2130 398 2171 audituri
430 2133 550 2181 sunt3
585 2129 760 2182 humile,
794 2131 908 2184 quod
951 2131 1192 2185 neglegitur
1234 2134 1285 2174 ab
1328 2135 1518 2175 auditore

102 2206 144 2243 et
174 2215 260 2243 non
296 2215 551 2257 magnopere
583 2203 891 2244 attendendum
924 2205 1112 2259 videtur3
1148 2219 1316 2260 anceps,
1347 2208 1391 2246 in
1433 2220 1517 2260 quo

102 2278 177 2315 aut
206 2274 407 2317 iudicatio
443 2274 573 2317 dubia
606 2280 668 2317 est
700 2280 772 2317 aut
805 2289 933 2317 causa
966 2281 1005 2317 et
1038 2278 1270 2320 honestatis
1304 2284 1342 2320 et
1386 2281 1519 2334 turpi-

101 2347 264 2388 tudinis
280 2349 505 2403 particeps,
524 2353 572 2391 ut
590 2353 629 2391 et
646 2349 989 2390 benevolentiam
1006 2350 1141 2402 pariat
1158 2354 1198 2391 et
1216 2351 1516 2404 ostensionem3

101 2419 345 2474 obscurum,
383 2422 428 2461 in
467 2435 552 2475 quo
592 2426 665 2462 aut
705 2422 815 2462 tardi
855 2423 1070 2463 auditores
1111 2428 1210 2463 sunt
1251 2427 1323 2464 aut
1371 2424 1519 2464 diffici-

97 2491 279 2533 lioribus
312 2494 362 2534 ad
397 2495 738 2547 cognoscendum
782 2495 962 2548 negotiis
1002 2508 1129 2536 causa
1164 2502 1227 2536 est
1264 2496 1517 2550 implicata.“

217 2566 361 2619 Atque
400 2579 454 2607 ex
501 2568 777 2620 argumentis,
817 2566 975 2620 quibus
1025 2568 1131 2608 alter
1177 2568 1517 2610 adversariorum

100 2638 146 2677 in
179 2650 309 2679 causa
351 2639 650 2679 constituenda
694 2652 742 2680 ea
787 2639 1023 2693 confirmat,
1066 2653 1177 2694 quae
1223 2641 1397 2683 alterius
1441 2655 1517 2684 seu

98 2711 360 2752 accusationi
392 2723 468 2752 seu
492 2710 726 2752 defensioni
753 2711 891 2764 obicit,
928 2711 1072 2753 Cicero
1101 2714 1204 2754 alios
1238 2715 1359 2767 quasi
1384 2718 1518 2756 status
