1863 3146
951 233 1004 237 -
1042 193 1184 248 (ἦρ’-

355 329 499 370 Cicero
549 329 594 368 in
642 339 799 380 genere
842 326 1034 366 iudiciali
1082 325 1208 379 plane
1257 325 1466 376 adhibuit,
1515 326 1558 365 in
1590 326 1768 379 reliquis

356 406 510 452 autem,
563 399 896 441 demonstrativo
944 402 984 439 et
1033 398 1322 451 deliberativo,
1368 398 1479 438 idem
1513 397 1651 439 facere
1683 411 1768 439 non

356 474 503 527 potuit,
551 472 649 525 quia
696 473 738 512 in
786 473 837 512 iis
884 471 1114 513 nonnullas
1155 476 1293 525 partes
1337 483 1616 524 supervacare
1648 474 1769 524 puta-

358 544 452 599 vitl)
495 569 551 574 ——
601 557 683 598 qua
730 545 780 584 de
811 557 856 585 re
889 545 1134 585 accuratius
1166 543 1290 584 nobis
1322 540 1434 582 infra
1468 542 1770 596 disputandum

358 621 421 659 est
443 641 497 647 -
522 622 562 658 et
593 618 695 671 quia
727 617 826 667 illis,
862 618 985 672 quasi
1007 616 1253 668 levioribus,
1284 615 1532 669 postpositis
1555 628 1768 656 summum

358 702 508 744 operae
557 703 604 730 ac
651 689 809 730 laboris
848 691 893 729 in
926 690 1161 743 praeceptis
1196 688 1246 729 de
1278 700 1433 741 genere
1466 688 1657 728 iudiciali
1690 688 1771 729 sibi

358 763 697 803 consumendum
731 775 823 803 esse
856 763 1131 803 existimavit.

499 836 602 875 Illae
644 839 784 876 autem
817 838 971 888 parteS,
1019 846 1279 887 quamquam
1312 845 1357 873 re
1390 845 1489 873 vera
1525 833 1576 873 ad
1609 833 1774 888 „dispo-

358 908 577 949 sitionem“
616 909 839 961 pertinent,
887 912 1028 948 tamen
1077 919 1100 946 a
1134 905 1336 947 Cicerone
1380 918 1548 960 semper
1579 906 1664 947 fere
1696 907 1775 947 sub

360 981 653 1033 „inventione“
694 983 894 1020 tractatae
922 983 1039 1030 sunt,
1075 979 1148 1020 sed
1182 978 1288 1019 duos
1322 979 1434 1018 locos
1468 979 1665 1032 excipere
1698 980 1771 1021 de-

359 1052 523 1093 bemus.
592 1052 656 1093 De
688 1065 744 1092 or.
778 1052 832 1105 11,
869 1052 935 1105 76,
969 1053 1049 1092 307
1086 1053 1197 1092 enim
1233 1052 1450 1091 Antonius
1483 1051 1534 1092 de
1567 1065 1646 1092 sua
1678 1065 1776 1093 con-

362 1125 587 1165 suetudine
621 1126 855 1166 orationem
889 1124 1144 1166 conficiendi
1178 1124 1278 1164 dicit
1310 1126 1536 1177 partesque
1572 1126 1774 1167 orationis

361 1197 439 1238 sub
489 1198 660 1250 „ordine
707 1198 1070 1251 collocationeque
1117 1209 1259 1237 rerum
1308 1209 1356 1237 ac
1389 1197 1604 1237 locorum“
1636 1210 1778 1251 perse-

362 1271 528 1325 quitur3
578 1271 656 1311 hoc
705 1274 817 1311 recte
863 1282 907 1310 se
954 1270 1122 1322 habere,
1171 1270 1265 1322 quis
1298 1272 1372 1322 est,
1422 1269 1495 1322 qui
1527 1270 1679 1323 neget?
1743 1272 1777 1312 si

363 1357 461 1385 vero
503 1344 590 1384 illic
638 1345 679 1383 in
727 1343 990 1396 „principi0“
1036 1343 1087 1382 de
1119 1342 1236 1393 locis,
1285 1342 1398 1382 unde
1432 1343 1666 1383 sententiae
1699 1343 1777 1384 du-

364 1417 521 1457 cendae
554 1420 706 1468 essent,
740 1419 965 1469 praecepta
999 1415 1114 1456 dedit
1148 1413 1216 1470 [de
1249 1428 1306 1456 or.
1341 1414 1395 1466 H,
1431 1415 1497 1464 79,
1533 1413 1633 1472 321]
1669 1415 1778 1457 illud

367 1489 642 1543 comprobare
690 1502 773 1529 non
823 1501 1069 1542 possumus,
1120 1500 1219 1528 nam
1269 1488 1320 1528 de
1353 1488 1403 1528 iis
1437 1499 1519 1528 non
1555 1487 1634 1528 sub
1667 1489 1778 1541 „dis-

363 1563 610 1616 positione‘,
644 1563 717 1603 sed
751 1561 829 1602 sub
863 1561 1158 1615 „inventione“
1192 1572 1404 1614 exponere
1438 1559 1595 1600 debuit.
1651 1560 1778 1602 Vide-

364 1648 460 1676 mus
508 1636 638 1689 igitur
686 1648 797 1687 eum,
844 1638 889 1675 ut
922 1633 1039 1674 aliud
1071 1633 1223 1673 vitium
1256 1633 1470 1687 eflugeret,
1517 1633 1633 1673 aliud
1667 1646 1778 1674 com-

365 1709 541 1749 misisse.
593 1708 713 1748 Alter
746 1711 887 1748 antem
919 1707 1054 1759 locus,
1087 1720 1144 1746 or.
1172 1707 1238 1757 15,
1275 1706 1340 1759 50,
1373 1705 1479 1745 nihil
1502 1704 1628 1745 habet
1650 1704 1778 1745 offen-

368 1782 511 1832 sionis,
560 1794 655 1821 cum
691 1779 836 1821 Cicero
884 1780 970 1820 illic
1005 1778 1082 1820 sub
1118 1778 1442 1832 „collocatione“
1477 1777 1527 1818 de
1559 1778 1779 1818 nonnuliis

334 1855 565 1895 'orationis
611 1853 802 1908 partibus
853 1853 973 1904 dicat,
1021 1853 1138 1892 locos
1182 1864 1296 1905 vero,
1348 1851 1462 1891 unde
1510 1862 1576 1891 res
1625 1850 1672 1890 ad
1710 1863 1780 1891 eas

366 1928 520 1968 melius
553 1930 593 1967 et
624 1927 789 1967 facilius
822 1925 1099 1984 elaborandas
1133 1927 1371 1976 sumantur,
1402 1936 1489 1963 non
1521 1923 1716 1976 proferat.

508 1999 658 2053 Itaque
692 1998 836 2039 Cicero
878 1998 1191 2052 quodammodo
1225 2009 1303 2038 suo
1336 1997 1428 2037 iure
1454 1999 1596 2049 partes
1629 1997 1780 2037 oratio-

367 2072 433 2112 nis
481 2071 671 2111 locorum
717 2085 844 2112 causa
891 2071 1174 2124 „inventioni“
1224 2069 1403 2111 subiecit
1443 2069 1489 2109 in
1521 2081 1657 2122 eaque
1689 2081 1781 2123 per-

368 2145 574 2185 tractavit.

512 2216 678 2265 Quibus
727 2217 777 2257 de
808 2216 999 2270 partibus
1031 2216 1229 2269 pluribus
1260 2215 1365 2255 locis
1399 2214 1650 2267 disputatur,
1697 2213 1782 2263 sed,

368 2291 482 2343 quod
532 2290 583 2330 ad
627 2302 857 2330 numerum
907 2301 1054 2329 earum
1098 2289 1259 2340 attinet,
1304 2300 1392 2327 non
1435 2299 1601 2340 semper
1633 2286 1781 2327 eadem

368 2364 710 2417 praecipiuntur3
744 2375 843 2402 nain
877 2375 972 2402 cum
1009 2360 1152 2402 Cicero
1184 2361 1228 2401 in
1261 2359 1473 2414 prioribus
1506 2359 1672 2413 scriptis
1706 2371 1783 2400 sex

368 2440 515 2489 partes
568 2435 772 2476 orationis
822 2446 913 2475 esse
961 2434 1091 2485 dicat,
1135 2434 1178 2473 in
1226 2431 1530 2486 posterioribus
1583 2434 1784 2486 quat-tuor

369 2504 535 2548 tantum
583 2507 634 2548 ab
685 2520 731 2548 eo
777 2507 1024 2548 afferuntur.
1102 2504 1167 2546 De
1213 2506 1298 2546 inv.
1348 2505 1379 2558 I,
1417 2505 1568 2558 14,19
1602 2505 1676 2545 has
1708 2516 1783 2545 sex

371 2584 509 2634 partes
554 2581 815 2621 invenimus:
879 2579 1116 2631 exordium,
1161 2579 1461 2631 narrationem,
1505 2578 1784 2632 partitionem,

373 2652 753 2706 confirmationem,
799 2652 1185 2707 reprehensionem,
1219 2651 1549 2692 conclusionem.
1614 2647 1784 2701 Digres-

515 2747 547 2788 1)
574 2746 617 2780 de
643 2748 733 2789 part.
762 2757 810 2781 or.
838 2749 870 2788 4,
898 2748 962 2790 133
1004 2748 1060 2788 21,
1088 2748 1150 2785 7i;
1188 2745 1243 2785 27,
1269 2746 1325 2780 97.
