1863 3146
747 199 979 239 -97—

166 329 222 357 ex
253 315 483 368 beneficiis,
517 328 570 356 ex
603 314 789 369 homine,
819 329 874 356 ex
905 317 1083 370 praemii
1113 328 1282 370 genere,
1314 328 1368 357 ex
1399 316 1573 357 faculta-

165 391 293 430 tibus.
358 387 422 429 De
454 400 590 442 poena
621 400 720 428 vero
753 402 968 442 nusquam
1001 389 1163 442 aliquid
1197 389 1354 429 docuit.

306 460 394 501 Nos
415 464 554 501 autem
590 462 762 501 omnino
797 474 856 513 ea,
889 473 997 514 quae
1028 463 1072 501 in
1106 462 1184 502 hac
1215 465 1332 515 parte
1365 462 1575 515 exposuit,

166 533 270 575 falso
302 534 348 574 in
381 534 682 574 constitutione
722 534 963 583 iuridiciali,
1010 547 1118 588 quae
1151 538 1214 575 est
1256 535 1423 587 generis
1465 534 1576 574 iudi-

167 606 298 658 cialis,
343 606 552 660 explicata
599 619 692 647 esse
735 605 991 646 arbitramur
1023 619 1162 659 neque
1195 607 1312 659 ratio,
1361 620 1490 660 quam
1523 607 1575 647 ad

169 679 422 719 sententiam
457 691 579 719 suam
613 678 875 732 probandam
909 678 960 719 de
991 679 1078 719 inv.
1102 678 1159 731 Π,
1184 678 1392 734 37,1101)
1426 680 1578 732 attulit,

167 750 290 791 nobis
335 751 592 805 persuadere
638 755 790 805 potest.
859 750 967 791 Nam
1018 752 1095 791 etsi
1143 752 1418 792 concedimus
1464 753 1576 806 apud

166 823 328 864 iudices
373 837 687 877 nonnunquam
736 824 797 864 de
849 825 1036 878 praemio
1084 828 1378 865 accusatorum
1428 827 1577 878 quaeri

167 909 303 950 posse,
334 899 476 937 tamen
500 909 768 950 summopere
791 909 946 949 negare
964 895 1167 937 debemus
1187 896 1291 937 tales
1310 898 1577 950 quaestiones

167 970 311 1023 generi
344 969 535 1009 iudiciali
569 968 891 1022 subiungendas
914 981 1018 1022 esse,
1051 970 1150 1023 quia
1181 970 1224 1009 iu
1258 970 1309 1010 iis
1343 971 1577 1010 sententiae

168 1042 427 1096 aperiuntur,
472 1054 609 1094 genus
653 1042 850 1082 iudiciale
898 1046 1050 1093 autem,
1098 1045 1146 1082 ut
1194 1041 1338 1082 Cicero
1390 1043 1480 1096 ipse
1528 1043 1578 1084 de

167 1114 255 1155 inv„
286 1113 319 1167 Ι,
353 1116 391 1164 5,
413 1114 434 1153 7
469 1114 589 1167 dixit,
632 1115 840 1168 „positum
872 1115 916 1154 in
949 1114 1107 1154 iudicio
1141 1113 1267 1155 habet
1299 1116 1343 1154 in
1377 1127 1421 1156 se
1454 1128 1578 1156 accu-

169 1187 375 1227 sationem
407 1191 448 1228 et
471 1186 760 1227 defensionem
783 1190 857 1227 aut
882 1188 1127 1241 petitionem
1153 1190 1192 1227 et
1213 1188 1525 1228 recusationem
1541 1189 1576 1241 ;“

170 1259 206 1300 si
261 1272 361 1300 vero
412 1260 441 1301 l.
495 1272 528 1302 c.
581 1273 718 1312 genus
767 1260 1094 1300 deliberativum
1145 1260 1190 1299 in
1243 1272 1286 1300 se
1344 1261 1578 1301 sententiae

171 1333 400 1373 dictionem
417 1332 572 1373 habere
592 1333 710 1385 dixit,
743 1346 828 1373 non
846 1345 937 1373 esse
959 1335 1174 1386 putamus,
1208 1345 1284 1372 cur
1307 1334 1578 1386 quaestiones

170 1404 221 1445 de
267 1406 465 1458 praemio,
512 1406 678 1446 etiamsi
725 1405 837 1458 apud
884 1405 1046 1445 iudices
1094 1404 1318 1457 habentur,
1365 1419 1387 1445 a
1425 1417 1579 1459 genere

171 1476 446 1518 deliberativo
480 1482 765 1519 secernantur.

310 1550 363 1591 In
410 1551 503 1592 aliis
550 1555 690 1592 autem
742 1551 907 1604 scriptis
939 1551 1161 1592 rhetoricis
1195 1551 1244 1591 de
1277 1551 1580 1592 constitutione

172 1623 387 1676 qualitatis
434 1637 519 1665 non
568 1624 714 1665 eadem
762 1624 926 1664 ratione
971 1628 1110 1663 actum
1145 1636 1247 1676 esse,
1295 1636 1422 1676 quam
1455 1624 1579 1664 modo

171 1697 462 1750 cognovimus,
510 1698 652 1737 statim
698 1709 752 1737 ex
797 1709 844 1737 eo
878 1699 1063 1750 apparet,
1114 1696 1226 1749 quod
1260 1695 1405 1737 Cicero
1438 1697 1483 1736 in
1514 1697 1584 1749 iis,

170 1771 219 1808 ut
248 1781 288 1822 p.
325 1769 377 1809 32
412 1781 530 1823 sequ.
565 1771 856 1824 exposuimus,
903 1773 1043 1822 partes
1079 1781 1213 1822 paene
1245 1768 1580 1809 innumerabiles

170 1841 358 1895 reliquit,
405 1846 663 1896 quapropter
710 1843 858 1895 paucis
906 1841 1046 1882 verbis
1093 1853 1181 1881 rem
1229 1840 1315 1881 illic
1362 1841 1580 1882 absolvere

170 1915 317 1967 potuit.

316 1985 437 2035 Quae
459 1989 573 2028 enim
597 1988 647 2028 de
673 1988 760 2029 inv,
786 1987 842 2038 H,
878 1986 1132 2039 22,65—68
1167 1985 1245 2027 sub
1279 1987 1581 2027 constitutione

317 2115 350 2161 1)
376 2116 418 2150 de
455 2116 526 2151 inv.
551 2114 598 2157 ΙΙ,
626 2117 767 2155 37,110
798 2115 884 2149 haec
912 2114 1047 2158 scripta
1073 2114 1252 2153 videmus:
1292 2115 1367 2156 „Ac
1404 2113 1581 2147 neminem

171 2175 361 2211 conveniet
386 2176 552 2211 arbitrari
577 2187 652 2218 nos,
692 2186 774 2210 cum
808 2175 951 2220 aliquod
978 2175 1177 2219 exemplum
1204 2185 1386 2219 ponamus,
1428 2174 1519 2218 quod
1544 2173 1583 2207 in

171 2238 297 2271 senatu
322 2240 456 2282 agatur,
497 2238 540 2273 ab
571 2237 731 2272 iudiciali
756 2247 886 2281 genere
912 2236 1154 2280 exemplorum
1180 2236 1352 2270 recedere.
1405 2234 1583 2279 Quicquid

173 2297 268 2332 enim
305 2298 348 2332 de
384 2298 526 2333 homine
564 2299 742 2343 probando
774 2299 836 2333 aut
863 2297 1099 2342 improbando
1127 2297 1266 2341 dicitur,
1305 2307 1384 2331 cum
1422 2297 1466 2330 ad
1505 2306 1583 2330 eam

173 2357 367 2392 dictionem
393 2359 648 2394 sententiarum
675 2370 813 2404 quoque
837 2359 928 2393 ratio
956 2359 1253 2403 accommodetur,
1292 2357 1329 2391 id
1354 2367 1435 2399 non,
1462 2356 1493 2391 si
1519 2366 1584 2400 per

171 2418 370 2453 sententiae
395 2419 585 2454 dictionem
612 2420 741 2465 agitur,
768 2420 1041 2455 deliberativum
1068 2421 1138 2462 est3
1166 2419 1239 2463 sed,
1266 2419 1348 2462 quia
1374 2419 1415 2452 de
1440 2417 1583 2452 homine

174 2479 354 2524 statuitur,
387 2480 557 2516 iudiciale
583 2483 636 2515 est
661 2481 897 2517 habendum.“
947 2481 1074 2516 Miram
1101 2479 1339 2515 subtilitatem
1366 2489 1434 2524 qua
1459 2477 1582 2513 Cicero

175 2550 286 2584 genus
323 2539 488 2576 iudiciale
523 2543 559 2576 et
584 2541 854 2576 deliberativum
880 2541 1081 2577 distinxisse
1106 2541 1174 2576 sibi
1198 2541 1297 2575 visus
1323 2540 1397 2575 est!
1448 2539 1496 2574 At
1518 2550 1584 2574 nos

180 2599 270 2635 illud
295 2601 485 2636 discrimen
511 2602 738 2645 comprobare
763 2613 836 2637 non
860 2612 1062 2646 possumus,
1088 2602 1180 2647 quod
1205 2612 1347 2647 prorsus
1372 2601 1507 2646 puerile
1539 2621 1583 2627 —

173 2672 256 2695 nam
281 2662 348 2697 hoc
374 2662 546 2697 vocabulo
572 2662 730 2707 pluribus
755 2662 843 2698 locis
870 2673 951 2697 usus
978 2664 1041 2705 est,
1077 2662 1140 2697 ubi
1166 2662 1198 2697 ei
1223 2661 1342 2706 aIIqua
1367 2661 1583 2698 Graecorum

174 2721 334 2756 doctrina
359 2722 536 2767 displicuit
562 2742 605 2748 —
632 2723 732 2758 nobis
758 2724 913 2761 videtur.

1303 2794 1323 2827 7
