1863 3146
290 293 580 334 insinuatione
628 291 678 331 de
727 290 866 331 medio
914 302 1134 331 removere
1182 303 1445 343 causamque
1489 291 1541 330 ad
1580 304 1701 332 suam

291 365 516 405 utilitatem
551 366 795 403 convertere
830 366 1029 413 conatur;
1081 362 1208 416 quod,
1249 375 1334 415 qua
1366 364 1528 403 ratione
1560 363 1705 417 perfici

291 437 436 490 possit,
468 435 680 488 copiosius
713 435 764 475 de
795 435 880 474 inV.
914 435 947 487 I,
983 436 1047 487 17,
1069 435 1241 475 24—‘25
1275 435 1535 488 explicatum
1569 443 1644 478 est.

434 508 491 547 At
551 509 595 547 in
657 507 776 547 libris
838 507 1143 561 posterioribus
1194 505 1397 560 principii
1459 511 1587 561 atque
1644 509 1706 548 in-

293 580 547 621 sinuationis
611 579 839 620 discrimen
897 593 1110 634 nusquam
1167 580 1406 633 reperimus
1465 581 1509 620 in
1567 581 1706 634 iisque

293 651 438 693 Cicero
472 652 641 706 semper
669 652 877 693 vocabulo
910 652 1182 706 „principio“,
1217 665 1478 706 quocunque
1510 653 1601 693 loco
1634 666 1707 693 ex-

293 728 388 776 stat,
420 738 494 778 pro
531 725 704 765 exordio
738 726 941 766 universo
972 738 1078 766 usus
1111 728 1187 778 est,
1223 725 1266 764 id
1301 725 1415 778 quod
1448 725 1605 778 optime
1638 725 1706 765 de-

293 800 500 838 monstrat
532 797 582 838 de
601 810 659 839 or.
678 797 711 849 Ι,
735 798 802 849 48,
821 798 920 851 209,
951 797 1026 837 ubi
1059 797 1274 838 Antonius
1305 798 1347 836 in
1385 797 1709 851 „principio“

295 871 549 923 cuiusque
592 870 890 923 disputationis
934 869 1252 922 explanandum
1288 881 1378 910 esse
1413 869 1531 922 dixit,
1580 870 1708 924 „quid

293 943 401 983 illud
449 946 568 994 esset,
621 942 672 982 de
720 954 804 995 quo
854 942 1178 995 disputaretur.“
1244 940 1527 989 Quamobrem
1563 955 1710 983 omnes

294 1016 387 1067 loci,
439 1028 545 1069 quos
576 1016 620 1054 in
652 1014 738 1055 illis
769 1015 977 1068 principio
1012 1014 1207 1067 subiecit,
1255 1015 1307 1054 ad
1341 1015 1577 1067 exordium,
1624 1028 1708 1055 non

297 1088 348 1128 ad
399 1091 559 1141 partem
609 1087 699 1127 eius
747 1087 1007 1140 singularem
1046 1088 1274 1141 pertinent,
1325 1088 1521 1141 quamvis
1555 1101 1709 1141 magna

298 1173 353 1200 ex
385 1163 503 1213 parte
538 1172 636 1199 cum
667 1160 721 1200 iis
755 1161 1041 1211 consentiunt,
1076 1161 1150 1213 qui
1182 1160 1468 1200 inveniuntur
1497 1161 1543 1200 in
1575 1161 1711 1214 primo

294 1231 504 1272 librorum
552 1232 627 1283 „de
674 1233 948 1273 invention&
997 1231 1075 1272 sub
1109 1233 1329 1286 principio.
1392 1231 1461 1273 Sic
1494 1234 1712 1273 Antonius

296 1305 347 1345 de
380 1317 437 1344 or.
462 1304 515 1356 ΙΙ,
552 1305 616 1356 79,
637 1305 868 1345 321-323
903 1304 955 1344 ad
988 1304 1330 1345 benevolentiam
1361 1305 1608 1346 auditorum
1642 1318 1709 1345 ca—

296 1376 493 1430 piendam
527 1379 756 1418 sententias
790 1381 890 1430 „aut
922 1390 977 1418 ex
1008 1390 1093 1429 reo,
1140 1380 1213 1417 aut
1245 1390 1299 1417 ex
1333 1377 1590 1429 adversario,
1639 1381 1713 1418 aut

297 1461 351 1489 ex
383 1461 439 1500 re,
473 1452 547 1489 aut
579 1463 632 1491 ex
664 1451 728 1502 iis,
763 1450 879 1504 apud
912 1463 1022 1504 quos
1055 1451 1229 1503 agetur-‘⁶
1263 1450 1480 1491 ducendas
1513 1462 1607 1491 esse
1640 1449 1712 1490 do-

297 1523 403 1572 cuit,
451 1525 632 1563 attentos
666 1526 811 1564 autem
844 1526 885 1564 et
918 1513 1075 1563 dociles
1108 1522 1336 1575 auditores,
1369 1526 1417 1563 ut
1448 1523 1635 1563 maxime
1667 1522 1710 1562 in

296 1595 531 1648 principiis,
579 1596 637 1635 ita
685 1596 729 1634 in
768 1595 949 1649 reliquis
984 1608 1159 1648 quoque
1193 1596 1396 1636 orationis
1427 1594 1621 1648 partibus
1652 1594 1712 1634 fa-

297 1667 472 1707 ciendos
506 1680 596 1708 esse
628 1671 742 1708 recte
774 1668 994 1708 iudicavit.
1059 1666 1121 1708 De
1140 1672 1243 1721 part.
1278 1682 1336 1710 or.
1363 1671 1398 1720 8,
1420 1668 1593 1708 28—30
1613 1679 1712 1707 vero

300 1739 445 1780 Cicero
477 1741 685 1794 principia
729 1744 802 1781 aut
835 1753 889 1781 ex
921 1741 1116 1794 personis
1149 1745 1223 1781 aut
1256 1753 1310 1782 ex
1341 1741 1470 1782 rebus
1505 1740 1715 1781 sumenda

300 1825 394 1853 esse
429 1812 554 1865 dixit5
599 1825 653 1852 ex
685 1814 878 1866 personis
911 1817 1050 1854 autem
1087 1817 1160 1854 aut
1193 1815 1374 1866 „nostris
1407 1816 1480 1854 aut
1512 1813 1717 1867 discepta-

300 1889 440 1926 torum
476 1889 549 1926 aut
587 1885 967 1938 adversariorum&
1000 1892 1047 1926 ut
1080 1888 1214 1928 amice
1239 1886 1485 1938 audiamur,
1505 1898 1558 1926 ex
1577 1885 1716 1937 rebus,

300 1964 348 1998 ut
380 1961 563 1999 attentos
595 1958 800 1999 faciamus
833 1960 1051 2000 auditores
1082 1971 1240 2012 eosque
1274 1958 1517 2000 doceamus.

446 2029 551 2070 Cum
584 2036 821 2085 praecepta,
856 2033 906 2072 de
940 2032 1097 2085 quibus
1120 2031 1259 2071 adhuc
1293 2030 1494 2084 diximus,
1526 2029 1577 2070 ad
1599 2030 1719 2070 audi-

300 2106 412 2145 tores
460 2102 703 2156 benevolos,
751 2107 948 2157 attentos,
997 2105 1154 2145 dociles
1199 2102 1488 2144 conficiendos
1536 2104 1718 2154 valeant,

300 2176 479 2216 aliorum
512 2175 610 2216 finis
641 2176 776 2216 multo
809 2178 944 2231 magis
977 2177 1028 2217 ad
1063 2179 1317 2217 universum
1346 2178 1519 2229 spectat.
1584 2174 1719 2215 Debet

302 2250 417 2289 enim
465 2248 690 2290 exordium
736 2250 1002 2302 gravissimis
1052 2249 1274 2290 sententiis
1322 2248 1580 2288 instructum
1627 2259 1718 2287 esse

301 2322 544 2375 omniaque,
601 2334 708 2375 quae
766 2322 818 2362 ad
867 2322 1118 2375 dignitatem
1165 2322 1390 2375 pertinent,
1437 2318 1715 2374 continere¹);

303 2406 434 2447 quare
468 2398 610 2434 orator
640 2396 684 2434 in
719 2407 766 2435 eo
799 2407 884 2434 non
917 2393 1060 2435 verbis
1093 2394 1213 2435 elatis
1255 2393 1307 2433 ad
1341 2392 1617 2434 offensionem
1649 2393 1719 2433 ad—

302 2467 492 2517 versarii,
521 2467 591 2508 sed
621 2469 729 2521 aptis
751 2468 801 2508 ad
825 2466 1233 2508 commendationem
1253 2467 1319 2507 sui
1337 2469 1480 2506 utatur
1502 2461 1720 2518 oportet32)

305 2539 543 2592 splendoris
576 2535 624 2580 et¹
648 2540 891 2581 festivitatis
924 2543 963 2581 et
997 2539 1360 2580 concinnitudinis
1392 2538 1618 2578 minimum
1651 2536 1718 2577 ad-

446 2642 477 2679 1)
506 2640 547 2672 de
573 2639 647 2672 inv.
675 2639 702 2681 Ι,
733 2640 847 2684 1835.
875 2639 916 2673 de
944 2649 991 2673 or.
1018 2638 1066 2680 ΙΙ,
1094 2638 1233 2681 77315.
1261 2648 1308 2672 or.
1336 2637 1476 2679 36,124.

449 2700 482 2744 2)
509 2711 555 2736 or.
582 2703 722 2741 sai-24.
