1863 3146
932 214 1164 255 —30—

349 332 475 387 quale
504 334 570 385 sit,
605 333 839 386 quaeritur.
875 365 882 372 .
919 364 926 372 .
959 364 966 372 .
1005 332 1069 384 11,
1092 331 1158 373 14.
1221 330 1340 372 Haec
1372 343 1472 384 ergo
1510 333 1754 374 constitutio

344 419 472 459 quam
515 404 756 458 generalem
794 404 1080 457 nominamus,
1124 408 1263 458 partes
1295 403 1464 444 videtur
1494 403 1618 445 nobis
1651 405 1755 446 duas

343 477 509 525 habere,
541 476 824 517 iuridicialem
858 480 898 517 et
930 477 1193 530 negotialem.
1257 475 1555 530 Iuridicialis¹)
1586 480 1660 528 est,
1709 478 1754 517 in

344 562 430 603 qua
463 549 588 602 aequi
627 552 667 590 et
704 550 807 589 recti
849 554 1001 590 natura
1035 552 1107 589 aut
1139 549 1315 602 praemii
1348 552 1422 589 aut
1453 561 1614 603 poenae
1646 550 1754 590 ratio

344 623 579 675 quaeritur3
625 619 898 677 negotialis,²)
935 623 979 662 in
1015 635 1098 675 qua
1132 621 1236 675 quid
1268 622 1374 662 iuris
1407 634 1459 662 ex
1493 622 1607 662 civili
1640 635 1755 663 more

340 699 383 735 et
431 695 643 747 aequitate
686 695 751 746 sit,
800 695 1118 743 consideratum
1169 727 1176 734 .
1215 727 1222 734 .
1256 726 1265 736 .
1321 694 1479 746 11,15.
1545 695 1607 734 Ac
1653 695 1755 734 iuri-

343 767 505 807 dicialis
540 767 712 820 quidem
749 766 853 820 [ipsa
887 766 941 821 et]
985 768 1030 806 in
1071 767 1176 807 duas
1209 765 1414 806 tribuitur
1446 769 1597 819 partes,
1634 766 1755 807 abso-

341 840 475 880 lutam
508 844 548 880 et
581 839 909 892 adsumptivam.
973 836 1222 891 Absoluta-³)
1261 842 1323 879 est
1367 851 1476 892 quae
1514 839 1606 892 ipsa
1636 839 1676 879 in
1711 851 1756 880 se

337 913 527 952 continet
579 912 685 951 iuris
739 916 779 952 et
831 912 1013 952 iniuriae
1062 911 1371 965 quaestionem3
1435 909 1755 966 adsumptivaf)

343 997 450 1037 quae
493 985 584 1037 ipsa
629 997 682 1024 ex
724 996 768 1024 se
808 984 914 1024 nihil
948 984 1019 1025 dat
1049 983 1161 1024 firmi
1194 983 1247 1023 ad
1278 984 1604 1033 recusationem,
1653 984 1755 1024 foris

341 1061 482 1096 autem
533 1056 693 1109 aliquid
743 1056 1002 1097 defensionis
1050 1056 1249 1097 adsumit.
1312 1055 1418 1097 Eius
1466 1060 1607 1110 partes
1655 1059 1757 1098 sunt

341 1133 556 1182 quattuor,
607 1130 837 1185 concessio,
883 1130 1062 1170 remotio
1105 1129 1310 1177 criminis,
1358 1129 1504 1170 relatio
1552 1130 1756 1182 criminis,

340 1202 607 1254 comparatio.
683 1200 948 1256 Concessio-³)
993 1205 1066 1253 est,
1115 1214 1210 1241 cum
1260 1214 1359 1242 reus
1403 1214 1487 1242 non
1535 1202 1590 1253 id,
1641 1201 1755 1255 quod

340 1273 498 1314 factum
533 1278 594 1314 est
627 1273 823 1326 defendit,
862 1276 948 1327 sed,
997 1278 1043 1315 ut
1080 1275 1340 1327 ignoscatur,
1378 1273 1573 1328 postulat.
1637 1273 1755 1314 Haec

341 1347 384 1385 in
420 1346 525 1386 duas
557 1351 697 1400 partes
732 1347 949 1400 dividitur,
989 1347 1284 1400 purgationem
1326 1350 1365 1387 et
1406 1346 1754 1400 deprecationem.

342 1418 547 1471 Purgatio
581 1423 655 1471 est,
701 1432 799 1459 cum
842 1419 1000 1460 factum
1041 1419 1300 1472 conceditur,
1343 1419 1469 1472 culpa
1500 1423 1755 1460 removetur.

342 1490 459 1531 Haec
492 1495 631 1545 partes
664 1491 789 1532 habet
821 1496 917 1545 tres,
948 1492 1293 1547 imprudentiam,
1335 1504 1493 1543 casum,
1526 1492 1756 1532 necessita-

340 1568 439 1605 tem.
503 1563 756 1618 Deprecatio
800 1568 874 1617 est,
918 1578 1014 1605 cum
1058 1568 1098 1605 et
1135 1576 1331 1618 peccasse
1364 1568 1405 1605 et
1437 1565 1628 1605 consulto
1660 1576 1756 1618 pec-

341 1649 460 1677 casse
483 1649 583 1677 reus
614 1650 658 1678 se
685 1637 910 1678 confitetur
931 1642 1147 1689 ettamen,
1180 1640 1229 1677 ut
1260 1637 1516 1690 ignoscatur,
1548 1637 1753 1690 postulat;

344 1709 459 1762 quod
490 1722 627 1763 genus
658 1722 829 1763 perraro
869 1714 1007 1764 potest
1040 1709 1241 1750 accidere.
1304 1708 1496 1749 Remotio
1529 1707 1756 1763 criminisss)

343 1786 418 1833 est,
461 1795 558 1823 cum
606 1782 649 1822 id
694 1783 868 1835 crimen,
919 1783 1032 1836 quod
1079 1781 1272 1834 infertur,
1320 1780 1370 1821 ab
1419 1793 1464 1821 se
1507 1784 1547 1822 et
1589 1780 1640 1821 ab
1681 1794 1758 1822 sua

341 1855 467 1908 culpa
502 1852 561 1910 [vi
595 1858 635 1895 et
667 1853 889 1910 potestate]
937 1857 981 1895 in
1021 1855 1152 1895 alium
1186 1866 1284 1894 reus
1315 1866 1533 1895 removere
1566 1857 1757 1895 conatur.

342 1927 392 1967 Id
441 1927 666 1981 dupliciter
711 1927 802 1969 fieri
848 1928 1012 1982 poterit,
1060 1928 1095 1968 si
1133 1931 1207 1967 aut
1248 1939 1376 1967 causa
1414 1929 1484 1967 aut
1520 1926 1679 1967 factum
1710 1923 1757 1965 in

341 2000 473 2039 alium
497 1999 790 2042 transferetur.
857 2000 994 2042 Causa
1016 2000 1283 2052 transfertur,
1316 2012 1414 2040 cum
1438 1999 1572 2040 aliena
1603 1998 1758 2038 dicitur

345 2074 387 2112 vi
431 2077 471 2113 et
513 2076 719 2125 potestate
761 2071 946 2124 factum,
996 2072 1155 2113 factum
1193 2076 1335 2113 autem
1378 2085 1479 2112 cum
1525 2071 1635 2113 alius
1683 2074 1757 2111 aut

344 2145 544 2186 debuisse
592 2149 666 2186 aut
702 2147 891 2199 potuisse
928 2145 1065 2186 facere
1105 2145 1274 2185 dicitur.
1334 2143 1496 2185 Relatio
1529 2140 1756 2196 oriminiST)

344 2222 418 2270 est,
466 2231 563 2259 011111
610 2218 705 2259 ideo
753 2219 846 2259 iure
891 2218 1049 2258 factum
1094 2218 1263 2266 dicitur,
1310 2217 1425 2270 quod
1470 2216 1626 2269 aliquis
1660 2218 1757 2255 ante

486 2371 519 2416 1)
547 2370 609 2405 cfr.
636 2370 678 2404 de
703 2370 777 2407 inv,
804 2370 850 2411 ΙΙ,
880 2374 934 2414 23,
951 2374 1006 2407 69.

487 2432 522 2476 2)
549 2431 609 2466 cfr.
636 2432 678 2465 de
704 2431 775 2465 inv.
801 2431 845 2475 Π,
874 2435 928 2472 21,
945 2435 1000 2469 62.

487 2494 522 2533 3)
549 2492 610 2527 cfr.
637 2492 679 2526 de
704 2491 776 2527 inv.
802 2491 850 2536 Π,
876 2495 931 2537 23,
946 2495 1001 2529 69.

486 2553 524 2597 4)
551 2553 610 2589 cfr.
635 2553 677 2586 de
703 2553 772 2587 inv.
799 2553 843 2594 H,
870 2556 926 2597 24,
943 2556 998 2589 71.

487 2616 522 2657 5)
550 2613 610 2647 cfr.
637 2614 679 2647 de
705 2614 776 2648 inv.
803 2613 851 2659 ΙΙ,
879 2616 1004 2656 31‚94.

486 2675 520 2718 6)
549 2674 609 2708 cfr.
637 2674 678 2707 de
703 2674 774 2708 inv.
799 2674 848 2718 Il,
874 2676 930 2715 ΞΕ),
945 2676 1001 2710 86.

486 2735 520 2778 7)
547 2734 607 2769 cfr.
635 2734 676 2767 de
702 2734 771 2768 inv.
798 2734 844 2779 ΙΙ,
871 2737 928 2779 26,
946 2738 1002 2772 78.
