1863 3146
676 184 908 222 —43—

826 303 1092 355 negationem
1119 300 1502 356 infitiationemque

828 374 946 427 facti:
995 375 1223 427 secundus,
1268 374 1382 427 quod
1415 387 1498 414 non

784 449 785 493 j
829 446 881 486 sit
925 447 967 486 in
1009 459 1064 499 re⁷
1110 447 1223 500 quod
1267 447 1317 487 ab
1352 447 1500 488 adver-

828 520 936 561 sario
968 523 1148 572 ponatur
1170 520 1212 559 in
1237 519 1383 569 verb03
1418 524 1501 560 ter-

826 594 920 644 tius,
974 592 1086 645 quod
1125 592 1165 631 id
1200 596 1311 632 recte
1344 592 1499 633 factum

827 679 917 707 esse
971 664 1187 716 defendat,
1241 665 1355 718 quod
1408 666 1502 706 sine

827 739 912 779 ulla
969 739 1155 779 nominis
1209 739 1499 779 controversia

824 811 983 852 factum
1015 811 1209 854 fateatur.

831 884 923 927 103.
996 883 1159 925 Deinde
1212 885 1287 925 uni
1341 885 1496 938 cuique

826 957 979 997 rationi
1013 958 1309 1010 opponendum
1351 961 1413 998 est
1445 957 1497 997 ab

827 1033 1070 1070 accusatore
1102 1030 1157 1081 id,
1198 1030 1310 1083 quod
1344 1031 1379 1070 si
1413 1043 1498 1071 non

828 1105 936 1143 esset
967 1103 1009 1142 in
1045 1104 1325 1154 accusatione,
1368 1115 1497 1143 causa

824 1176 996 1215 omnino
1057 1187 1149 1216 esse
1206 1189 1290 1216 non
1344 1180 1496 1229 posset.

824 1248 976 1302 Itaque
1009 1261 1055 1288 ea
1090 1261 1198 1301 quae
1230 1249 1289 1288 sic
1312 1248 1498 1289 referun-

782 1327 784 1369 ἶ
824 1325 904 1373 tur,
957 1322 1217 1362 continentia
1269 1334 1496 1362 causarum

780 2108 782 2153 l

780 2198 782 2278 l

780 2441 782 2506 l

135 2489 395 2531 Iudicatio
440 2494 503 2531 est
546 2502 657 2544 quae
697 2501 781 2537 ex}

74 2561 359 2604 infirmatione
413 2561 469 2619 [et
521 2562 746 2603 confirma-
779 2549 781 2552 ¹

74 2631 206 2689 tione]
236 2635 416 2676 rationis
438 2636 627 2677 nascitur
649 2646 749 2674 con-

74 2708 292 2750 troversia.

826 1399 1054 1446 vocentur3
1109 1407 1368 1448 quamquam
1413 1407 1496 1434 non

825 1481 873 1508 ea
897 1468 1041 1520 magis,
1075 1480 1182 1521 quae
1206 1470 1350 1508 contra
1372 1468 1498 1507 ratio-

825 1552 920 1580 nem
956 1541 1213 1582 defensionis
1247 1540 1495 1590 afferuntur,

824 1626 952 1666 quam
965 1615 1082 1667 ipsae
1093 1613 1352 1655 defensionis
1371 1614 1497 1653 ratio-

824 1699 899 1727 nes
924 1688 1111 1728 continet
1133 1700 1297 1728 causas
1332 1685 1413 1727 Sed
1437 1686 1500 1726 di-

824 1760 1068 1812 stinguendi
1089 1761 1222 1812 gratia
1245 1760 1494 1800 rationem

824 1832 1085 1885 appellemus
1105 1844 1210 1885 earn,
1229 1845 1338 1886 quae
1358 1833 1495 1874 adfer-

824 1909 895 1945 tur
928 1904 979 1945 ab
1014 1918 1084 1946 reo
1118 1905 1168 1945 ad
1203 1906 1522 1952 recusandumqg

825 1978 1062 2031 depellendi
1114 1979 1304 2018 criminis
1354 1991 1496 2032 causa,

825 2064 932 2105 quae
965 2051 1047 2091 nisi
1072 2054 1194 2102 esset,
1228 2051 1328 2104 quid
1353 2051 1496 2092 defen-

825 2124 940 2164 deret
972 2137 1056 2164 non
1090 2123 1280 2175 haberet3
1322 2124 1495 2165 firma-

823 2200 1040 2238 mentum
1074 2200 1228 2250 autem,
1262 2197 1375 2250 quod
1399 2210 1498 2238 con·

823 2274 887 2310 tra
919 2270 971 2310 ad
1003 2269 1341 2310 labefactandam
1367 2271 1495 2311 ratio-

823 2356 921 2384 nem
945 2343 1136 2394 refertur,
1158 2343 1249 2383 sine
1273 2355 1355 2396 quo
1372 2356 1496 2384 accu-

825 2418 928 2457 satio
962 2419 1072 2456 stare
1105 2428 1189 2456 non
1222 2419 1370 2468 potest.

824 2489 892 2541 30,
918 2490 1013 2530 104.
1047 2489 1115 2529 Ex
1147 2489 1325 2529 rationis
1354 2492 1495 2530 autem

822 2566 862 2603 et
887 2575 942 2603 ex
961 2562 1216 2602 firmamenti
1231 2561 1498 2603 conflictione

821 2640 862 2676 et
895 2636 1017 2689 quasi
1044 2647 1267 2686 concursu,
1302 2639 1496 2688 quaestio

824 2709 1017 2749 exoritur
1079 2708 1305 2761 quaedam,
1367 2721 1494 2761 quam
