1863 3146
711 180 944 219 —33-„.

122 298 326 351 scriptum
365 300 438 338 aut
476 297 685 338 contrarie
717 304 797 343 ¹aut
835 297 904 348 ita,
948 299 994 337 ut
1026 309 1048 336 a
1080 297 1290 336 sententia
1330 295 1534 348 scriptum

122 370 359 411 dissentiat:
394 370 459 410 his
492 374 634 410 autem
659 368 857 410 omnibus
890 368 1082 423 partibus
1108 368 1297 409 subiecta
1325 367 1533 421 quaedam

122 455 212 484 esse
259 446 510 496 argumenta.
556 442 764 495 propriaf‘
844 440 1146 495 Significantur
1194 441 1258 480 his
1307 440 1448 481 verbis
1495 444 1536 481 et

122 515 446 555 constitutiones
486 514 655 567 generis
682 514 898 554 rationalis
939 517 978 554 et
1017 515 1329 554 controversiae
1366 515 1535 567 generis

119 586 286 640 legalis3
327 587 651 627 constitutiones
684 590 837 640 autem,
876 590 923 627 ut
962 587 1093 627 sensit
1131 584 1427 640 Harnecker,¹)
1466 586 1535 625 cui

121 661 229 699 totos
261 672 338 700 nos
371 660 647 712 applicamus,
679 662 780 699 sunt
811 659 908 700 hae:
943 659 1188 699 constitutio
1222 658 1537 709 coniecturalis,

122 731 352 782 definitiva,
403 731 626 785 generalis,
678 731 941 784 iuridicialis,
989 745 1115 785 quam
1166 734 1328 785 partem
1380 731 1535 773 consti-

121 805 298 846 tutionis
330 804 541 857 generalis
575 816 666 844 esse
699 805 872 845 scimus.
923 801 1216 858 Volkmann2)
1248 808 1389 844 autem
1418 804 1535 843 hunc

120 877 261 917 locum
300 880 551 931 corruptum
595 889 686 916 esse
733 877 897 930 putavit
935 880 1074 929 atque,
1112 879 1160 916 ut
1197 878 1354 916 statum
1399 877 1535 914 trans-

119 949 299 990 lativum
357 948 495 989 tribus
550 949 645 1000 illis,
700 950 980 999 coniecturae,
1037 948 1287 999 definitioni,
1340 947 1534 1001 qualitati

121 1021 384 1075 adiungeret,
415 1021 592 1062 verbum
627 1021 837 1073 „factum“
870 1023 913 1061 in
948 1021 1138 1073 „actum“
1178 1024 1343 1061 mutare
1382 1020 1530 1060 voluit.

122 1093 240 1143 Quae
266 1095 523 1145 coniectura,
555 1107 817 1148 quamquam
842 1095 933 1134 sine
967 1093 1096 1133 dubio
1120 1093 1350 1146 levissima,
1385 1105 1538 1146 super-

119 1180 306 1208 vacanea
327 1170 469 1208 tamen
502 1166 624 1207 nobis
647 1167 826 1219 videtur,
858 1179 944 1206 non
967 1169 1051 1206 tam
1080 1168 1246 1219 propter
1275 1177 1346 1204 eas
1369 1177 1532 1213 causas,

121 1254 227 1294 quas
275 1239 524 1281 Harnecker
571 1239 747 1293 protulit
794 1240 837 1278 in
887 1239 1159 1279 annotatione
1216 1238 1354 1288 citata,
1406 1249 1533 1289 quam

119 1316 289 1367 propter
320 1312 392 1353 illa
420 1312 555 1353 Crassi
594 1312 733 1361 verba,
759 1324 868 1365 quae
891 1315 1060 1352 exstant
1092 1312 1142 1351 de
1175 1324 1234 1352 or.
1266 1310 1346 1360 III,
1376 1311 1440 1361 19,
1466 1310 1534 1359 ΤΟ,

121 1397 315 1439 quaeque
348 1388 464 1425 sunt:
498 1384 675 1437 „Quam
708 1386 744 1425 si
776 1385 854 1424 hac
887 1385 1128 1438 eloquentia
1161 1387 1286 1437 atque
1325 1384 1402 1423 lioc
1444 1396 1533 1423 ora-

119 1462 208 1498 tore
241 1458 428 1498 contenti
459 1470 621 1507 sumus,
655 1458 727 1510 qui
760 1458 863 1498 sciat
895 1461 969 1498 aut
996 1470 1150 1511 negare
1183 1459 1384 1510 oportere,
1417 1456 1532 1509 quod

120 1543 313 1584 arguare,
351 1533 435 1582 aut,
473 1530 508 1570 si
547 1529 588 1569 id
629 1543 713 1570 non
758 1530 903 1583 possis,
943 1534 1032 1569 tum
1072 1528 1304 1582 ostendere,
1345 1530 1458 1583 quod
1495 1529 1533 1569 is

117 1603 276 1656 fecerit,
309 1603 382 1656 qui
413 1603 698 1654 insimuletur,
733 1606 804 1643 aut
843 1606 984 1642 recte
1026 1601 1212 1642 factum
1247 1606 1320 1642 aut
1360 1603 1532 1643 alterius

119 1676 243 1729 culpa
276 1679 351 1716 aut
382 1675 536 1716 iniuria
569 1679 642 1716 aut
675 1688 728 1716 ex
760 1675 853 1728 lege
887 1679 959 1715 aut
992 1688 1077 1715 non
1112 1678 1257 1714 contra
1289 1676 1424 1729 legem
1458 1679 1539 1716 aut.

119 1748 410 1802 Imprudentia
427 1752 501 1789 aut
519 1749 756 1789 necessario
775 1752 847 1788 aut
865 1761 950 1788 non
970 1761 1018 1788 eo
1038 1748 1209 1787 nomine
1230 1748 1530 1802 usurpandum

120 1835 205 1876 quo
259 1823 476 1875 arguatur,
530 1824 603 1861 aut
654 1834 740 1861 non
801 1821 860 1860 ita
912 1821 1008 1873 agi,
1067 1823 1121 1859 ut
1183 1819 1421 1860 debuerit
1479 1833 1533 1860 ac

118 1894 337 1935 licuerit
369 1925 376 1933 .
411 1925 418 1933 .
456 1925 464 1934 .
497 1905 550 1933 ex
582 1894 743 1946 ingenti
777 1894 957 1947 quodam
993 1895 1200 1932 oratorem
1238 1892 1533 1946 immensoque

119 1980 267 2021 campo
299 1967 343 2006 in
377 1966 583 2019 exiguum
623 1978 724 2006 sane
756 1979 909 2019 gyrum
944 1964 1237 2017 compellitiS.“
1296 1963 1533 2018 Neminem,

120 2041 193 2095 qui
224 2041 337 2080 hunc
371 2038 513 2078 locum
546 2039 746 2092 inspexit,
779 2038 963 2091 effugere
995 2040 1143 2091 potest,
1166 2036 1363 2077 Crassum
1393 2037 1533 2078 verbis

119 2114 256 2154 citatis
289 2111 616 2152 constitutiones
656 2111 871 2151 rhetorum
910 2123 1160 2164 graecorum
1204 2110 1237 2149 si
1283 2123 1369 2150 non
1408 2111 1532 2164 plane

119 2195 384 2234 enumerare,
450 2169 638 2224 attamen
712 2195 854 2224 earum
927 2184 1173 2224 memoriam
1243 2184 1531 2238 redintegrare

119 2258 321 2301 voluisse:
357 2257 701 2297 commemoravit
733 2257 847 2296 enim
881 2259 1083 2309 quattuor
1119 2256 1214 2296 illos
1249 2259 1384 2297 status
1416 2257 1534 2311 prin-

118 2327 336 2385 cipales3):
356 2329 683 2369 coniecturalem
705 2328 817 2383 [‚,aut
849 2329 1061 2383 negare“]‚
1085 2329 1325 2383 generalem
1350 2327 1533 2385 [‚,osten-

118 2404 228 2455 dere,
261 2403 374 2456 quod
406 2402 442 2442 is
473 2401 629 2454 fecerit,
654 2403 727 2455 qui
749 2401 1079 2455 insimuletur“],
1112 2401 1377 2442 definitivum
1403 2399 1531 2457 [„non

261 2518 293 2562 l)
320 2519 390 2556 Cic,
419 2518 487 2560 „de
513 2518 586 2552 or.“
619 2518 672 2553 ed.
699 2517 1082 2552 Piderit-HarneckerG
1108 2529 1140 2561 p.
1169 2521 1246 2560 136,
1273 2520 1393 2552 annot.
1424 2521 1478 2553 19.

257 2583 292 2622 2)
319 2579 444 2622 „Rhea
471 2579 503 2617 d,
530 2578 669 2613 Griech.
697 2589 731 2612 u.
757 2578 903 2615 Rom.“2
928 2590 961 2622 p.
987 2581 1044 2614 53.

257 2640 292 2684 3)
320 2641 380 2675 cfr.
409 2639 632 2674 definitiones
658 2639 877 2683 singularum
904 2638 1217 2685 constitutionum,
1258 2650 1347 2685 quae
1391 2641 1534 2675 exstant

116 2701 159 2735 de
183 2700 255 2735 inv.
282 2700 311 2743 I,
338 2703 370 2744 8,
388 2703 538 2743 10—13‚
553 2704 595 2737 18
621 2703 658 2735 et
683 2699 729 2742 H,
756 2701 953 2744 4,14—51‚
971 2703 1048 2738 153.

1249 2771 1270 2803 3
