1863 3146
696 215 927 254 -37-

249 334 392 385 Atque
435 344 532 372 cum
572 332 656 373 illis
693 333 940 386 praeceptis,
988 344 1096 385 quae
1143 332 1429 372 inveniuntur
1475 331 1519 373 in

107 404 431 458 „partitionibus
458 405 685 455 oratoriis“‚
710 405 896 444 maxima
929 417 982 445 ex
1010 407 1126 458 parte
1160 417 1208 445 ea
1237 405 1520 458 consentiunt,

105 489 216 530 quae
249 475 390 517 Cicero
435 478 477 516 in
512 478 718 530 „topicis“
751 477 801 516 de
846 476 992 517 eadem
1032 489 1077 517 re
1112 477 1251 527 deditg
1300 489 1429 530 quare
1474 490 1521 518 ea

106 550 245 589 statim
278 549 356 589 hoc
387 549 479 589 loco
513 549 659 590 afferre
691 549 813 589 nobis
846 550 981 590 liceat.
1027 548 1363 590 Constitutiones
1390 550 1521 602 igitur

104 622 186 672 top.
223 620 290 671 24,
326 621 378 660 92
427 620 493 662 his
526 621 670 662 verbis
713 621 959 675 explicavit:
1008 621 1081 674 „In
1135 621 1291 674 quibus
1338 620 1417 676 [sc.
1452 622 1522 662 de-

103 691 234 732 finitis
268 692 608 750 quaestionibus]
647 695 860 735 exsistunt
892 694 992 734 haec
1024 706 1194 746 genera,
1221 697 1268 733 ut
1300 698 1521 735 accusator

109 776 331 817 personam
360 769 510 819 arguat
536 766 646 818 facti,
674 766 870 806 defensor
892 765 1051 823 aliquid
1087 769 1269 819 opponat
1292 767 1342 807 de
1364 766 1519 807 tribus:

105 839 179 876 aut
210 850 295 877 non
329 850 421 878 esse
453 838 623 889 factum,
668 841 739 878 aut
782 839 816 878 si
850 839 903 878 sit
934 838 1107 889 factum,
1149 838 1265 878 aliud
1299 839 1389 879 eius
1421 838 1519 879 facti

103 921 261 950 nomen
294 922 398 962 esse,
433 913 506 950 aut
538 911 631 951 iure
665 923 755 951 esse
788 910 957 951 factum.
1036 910 1188 963 Itaque
1221 913 1295 950 aut
1327 910 1521 951 infitialis

105 983 177 1021 aut
232 983 533 1023 coniecturalis
593 984 728 1036 prima
780 983 1043 1036 appelletur,
1100 983 1317 1023 definitiva
1364 983 1518 1034 altera3

103 1054 237 1106 tertia,
286 1056 484 1107 quamvis
536 1055 760 1095 moiestum
815 1057 893 1095 hoc
947 1068 1100 1095 nomen
1152 1057 1216 1107 sit,
1269 1056 1520 1096 iuridicialis

103 1127 316 1168 vocetur.“
360 1126 423 1167 De
456 1128 757 1168 controversiis
792 1131 933 1168 autem
969 1140 1023 1167 ex
1058 1129 1213 1181 scripto
1246 1128 1520 1169 nascentibus

102 1199 244 1252 paullo
275 1202 369 1254 post
402 1200 625 1254 disseruit,
671 1201 852 1254 legimus
899 1201 1011 1240 enim
1061 1203 1143 1253 top.
1181 1201 1247 1254 25,
1289 1202 1363 1243 95:
1410 1199 1519 1254 „Sed

104 1271 305 1323 quoniam
349 1272 442 1326 iege
487 1272 656 1313 firmius
698 1273 742 1312 in
776 1274 1076 1314 controversiis
1110 1273 1394 1327 disceptandis
1428 1286 1520 1314 esse

102 1343 208 1382 nihil
241 1342 377 1397 debet,
427 1344 563 1385 danda
612 1347 674 1385 est
722 1357 860 1398 opera,
907 1348 953 1386 ut
1000 1346 1135 1399 legem
1185 1346 1433 1386 adiutricem
1480 1349 1520 1386 et

102 1418 249 1456 testem
274 1416 566 1458 adhibeamus
617 1417 667 1457 In
695 1430 778 1470 qua
810 1430 855 1457 re
888 1418 959 1457 alii
994 1420 1114 1471 quasi
1148 1423 1282 1459 status
1306 1419 1520 1458 exsistunt,

103 1489 213 1540 novi,
247 1489 319 1529 sed
354 1490 619 1544 appellentur
651 1490 863 1543 iegitimae
898 1490 1233 1544 disceptationes.
1313 1490 1379 1532 96.
1412 1490 1518 1530 Tum

103 1562 216 1602 enim
251 1561 505 1603 defendetur
538 1576 623 1603 non
662 1562 704 1602 id
737 1562 872 1615 legem
908 1562 1059 1616 dicere,
1099 1564 1211 1617 quod
1249 1563 1518 1603 adversarius

102 1635 215 1687 velit,
248 1635 322 1675 sed
355 1635 481 1676 aliud.
551 1634 600 1674 Id
634 1638 774 1675 autem
810 1635 1029 1689 contingit,
1062 1649 1158 1676 cum
1193 1636 1397 1689 scriptum
1431 1648 1518 1675 am-

103 1706 277 1761 biguum
327 1710 400 1761 est,
447 1712 494 1748 ut
542 1708 651 1749 duae
698 1709 933 1748 sententiae
982 1709 1111 1761 accipi
1158 1710 1335 1762 possint.
1411 1707 1516 1748 Tum

102 1781 329 1834 opponitur
359 1781 512 1834 scripto
547 1780 742 1820 voluntas
777 1781 1005 1833 scriptoris,
1050 1785 1097 1821 ut
1137 1784 1378 1834 quaeratur,
1423 1792 1519 1820 ver-

102 1853 210 1894 bane
253 1854 362 1908 plus,
409 1866 461 1894 an
496 1854 705 1894 sententia
739 1853 878 1893 valere
912 1852 1104 1893 debeant.
1184 1853 1290 1894 Tum
1331 1854 1414 1906 legi
1446 1853 1517 1894 lex

103 1928 315 1968 contraria
349 1927 533 1967 affertur.
600 1925 663 1966 ita
696 1929 797 1965 sunt
830 1926 909 1965 tria
940 1938 1107 1979 genera,
1132 1939 1240 1979 quae
1276 1928 1517 1966 controver-

103 2001 205 2040 siam
250 2001 294 2040 in
335 2000 450 2040 omni
484 1999 639 2052 scripto
671 1997 808 2038 facere
840 1999 1013 2051 possint,
1059 1998 1323 2052 ambiguum,
1363 1999 1518 2040 discre-

102 2073 245 2126 pantia
277 2073 424 2126 scripti
456 2074 496 2112 et
527 2071 770 2123 voluntatis,
803 2071 959 2124 scripta
991 2073 1239 2112 contraria.“

247 2144 289 2186 Si
324 2144 541 2185 Ciceronis
573 2148 808 2197 praecepta,
841 2155 949 2196 quae
968 2144 1091 2184 modo
1116 2145 1387 2197 contulimus,
1420 2158 1518 2185 cum

100 2217 154 2257 iis
187 2229 498 2271 comparamus,
531 2228 639 2270 quae
672 2217 952 2269 cognovimus
986 2228 1041 2256 ex
1076 2220 1302 2269 „oratore“,
1351 2218 1517 2257 inveni-

103 2302 198 2330 mus
243 2290 366 2330 ilium
414 2302 468 2330 ne
515 2290 560 2328 in
606 2289 657 2328 iis
706 2288 875 2341 quidem
924 2288 1054 2342 libris,
1105 2303 1209 2343 quos
1249 2291 1396 2331 eodem
1428 2288 1518 2331 fere

101 2364 291 2415 tempore
338 2362 469 2403 edidit
502 2365 541 2402 et
579 2361 797 2414 inscripsit
829 2363 1028 2415 „orator‘ss
1062 2363 1138 2415 „de
1170 2364 1396 2416 partitione
1429 2376 1519 2403 ora-

102 2435 248 2480 toria“,
296 2435 496 2489 „topica“,
545 2445 710 2488 semper
757 2433 901 2474 eadem
950 2435 1164 2487 docuisse3
1213 2449 1310 2476 nam
1346 2436 1518 2476 cumin

104 2506 272 2548 duobus
303 2508 451 2561 primis
485 2507 831 2548 constitutionem
865 2508 1209 2562 coniecturalem,
1242 2508 1520 2560 definitivam,

103 2579 341 2632 generalem
393 2583 671 2631 enumeraret,
719 2579 762 2617 in
811 2579 1006 2632 „topicis“
1038 2582 1204 2622 tertiam
1235 2581 1517 2622 iuridicialem

102 2651 281 2702 vocavit,
306 2653 500 2704 quamvis
516 2653 606 2705 ipse
628 2652 706 2691 hoc
733 2663 886 2691 nomen
913 2653 1187 2704 „molestum“
1211 2667 1301 2695 esse
1324 2655 1515 2705 sentiret3

103 2725 250 2764 contra
286 2737 421 2778 genus
452 2724 585 2778 legale
617 2726 661 2764 in
694 2722 800 2763 libro
850 2723 924 2775 „de
956 2727 1183 2780 partitione
1217 2727 1421 2768 oratoria“
1457 2731 1518 2768 at-
