1863 3146
682 196 913 236 -ffl-

222 313 341 354 Tune
374 315 622 355 memoriam
656 314 681 354 1.
705 327 740 354 c.
763 314 841 354 hoe
863 314 987 354 modo
1021 312 1231 354 definivit:
1267 311 1497 365 „Memoria

83 389 146 426 est
191 385 316 426 firma
363 387 496 427 animi
543 400 686 427 rernm
735 399 781 427 ac
822 386 1051 427 verborum
1102 385 1154 426 ad
1202 386 1495 426 inventionem

82 458 316 511 perceptio“
351 471 530 513 eamque
577 458 805 512 appellavit
851 459 971 499 Brut.
1008 458 1074 510 61,
1116 458 1200 497 219
1251 458 1496 510 „custodem

82 533 315 571 ceterarum
350 531 514 585 ingenii
546 531 752 585 partium‘²
787 534 826 572 et
857 531 1053 571 similiter
1091 530 1140 571 de
1172 534 1275 584 part.
1309 543 1366 570 or.
1406 531 1439 582 1,
1474 532 1497 570 3

82 603 323 655 „custodem
363 616 507 644 earum
552 616 695 644 rerum
743 604 959 644 0111111311]ἐς
993 604 1019 643 i.
1054 615 1088 643 e.
1122 603 1384 655 reliquarum
1419 603 1497 643 elo-

85 677 282 729 quentiae
328 677 528 730 partium,
585 688 659 716 seu
709 676 758 716 de
807 680 888 729 opt.
923 688 1016 729 gen.
1053 688 1110 716 or.
1159 676 1196 727 2,
1246 675 1269 714 5
1318 672 1498 727 „funda-

83 755 273 789 mentum
310 749 502 789 onmium
535 749 719 790 mrumst

226 819 620 862 Pronuntiationem
670 821 853 874 denique
902 821 952 861 de
997 821 1081 861 inV.
1131 820 1164 872 Ι,
1201 821 1236 872 ῖ,
1273 821 1295 859 9
1328 821 1385 860 ita
1419 820 1498 860 cir-

83 882 361 947 cumscripsit,
410 899 458 934 ut
505 894 678 934 diceret:
729 893 1052 945 „Pronuntiatio
1101 896 1249 933 estex
1281 905 1422 933 rerum
1459 897 1498 932 et

82 965 308 1006 verborum
342 966 545 1018 dignitate
578 966 694 1005 vocis
727 970 767 1005 et
799 966 984 1019 eorporis
1019 966 1290 1017 moderatio“‚
1341 964 1499 1018 quibus

81 1038 222 1079 verbis
269 1038 448 1078 addatur
495 1050 553 1079 or.
589 1038 655 1090 17,
690 1039 765 1078 55;
817 1037 917 1090 „Est
964 1039 1077 1078 enim
1111 1039 1218 1078 actio
1253 1039 1375 1090 quasi
1410 1049 1499 1078 cor-

82 1111 195 1164 poris
240 1110 448 1164 quaedam
498 1111 754 1164 eloquentia,
801 1123 898 1150 cum
933 1112 1095 1149 constet
1128 1121 1149 1149 e
1183 1122 1285 1150 voce
1318 1114 1443 1163 atque
1477 1123 1499 1151 e

81 1184 234 1224 motu.“
295 1182 492 1236 Eamque
525 1187 684 1236 partem
719 1184 887 1223 vocavit
920 1182 970 1222 de
1003 1194 1063 1223 or.
1096 1181 1127 1233 I,
1165 1182 1229 1233 15,
1263 1182 1317 1222 64
1351 1187 1389 1223 et
1421 1182 1499 1222 ibi-

82 1255 178 1296 dem
212 1256 280 1310 31,
316 1256 397 1295 142
431 1256 666 1308 „actionem
700 1268 795 1296 oum
821 1255 1025 1309 dignitate
1048 1258 1087 1295 et
1110 1255 1367 1308 venustate“,
1401 1268 1499 1295 cum

83 1329 120 1369 ei
154 1329 203 1369 de
234 1342 292 1371 or.
317 1328 350 1380 I,
382 1329 450 1381 42,
488 1328 581 1381 187,
614 1327 792 1369 verbum
817 1328 983 1381 „agere“
1013 1327 1079 1368 ve]
1102 1327 1152 1367 de
1176 1339 1232 1367 or.
1254 1326 1309 1379 Π,
1348 1328 1410 1379 19,
1446 1328 1498 1367 79

80 1401 209 1442 verba
240 1414 387 1455 ⁷,agere
404 1415 451 1442 ae
468 1402 769 1456 pronuntiare“
787 1401 1081 1454 subiungeretg
1113 1400 1164 1441 iis
1182 1400 1364 1454 denique
1382 1401 1498 1451 loeis,

82 1474 156 1526 qui
189 1478 429 1527 supersunt,
461 1475 488 1516 i.
522 1487 556 1516 e.
592 1473 710 1515 Brut.
747 1475 812 1527 59,
849 1474 952 1523 ‘2153
989 1474 1054 1526 63,
1089 1474 1192 1523 2273
1228 1486 1286 1514 or.
1324 1473 1388 1525 17,
1423 1473 1497 1520 543

83 1547 134 1587 de
166 1551 272 1600 part.
303 1559 362 1587 or.
398 1547 462 1599 1,3
479 1547 730 1600 simpliciter
758 1547 1024 1588 substantivo
1049 1546 1265 1598 „actione“
1294 1558 1399 1586 usus
1423 1550 1496 1585 est.

603 1701 666 1752 De
707 1701 987 1752 inventione.

222 1783 273 1824 In
294 1784 544 1825 inventione
567 1785 744 1826 oratoris
768 1788 830 1825 est
853 1797 921 1825 eas
946 1797 1023 1835 res,
1056 1795 1163 1837 quae
1187 1795 1356 1823 eausam
1377 1794 1518 1838 suam,

83 1855 344 1910 probabilem
358 1857 548 1907 reddant,
558 1858 768 1909 acumine,
779 1858 952 1909 ratione,
962 1854 1218 1910 diligential)
1229 1856 1379 1895 investi
1384 1867 1496 1908 gare,

85 1941 196 1982 quae
218 1941 298 1982 res,
332 1932 378 1969 ut
409 1943 484 1984 per
505 1943 562 1977 se,
584 1930 854 1983 intellegitur,
877 1930 918 1969 in
940 1929 1031 1969 aliis
1049 1928 1251 1969 orationis
1269 1927 1497 1981 generibus

84 2001 190 2042 aliae
237 2014 329 2043 esse
357 2002 529 2044 debent:
576 2015 676 2057 ergo
727 2003 777 2044 de
809 2003 860 2043 iis
892 2002 1154 2056 reperiendis
1188 2001 1335 2041 ordine
1367 2001 1498 2040 trium

55 2085 289 2134 ⁴generum
336 2074 526 2115 illorum:
583 2075 915 2125 demonstrativi,
964 2073 1240 2125 deliberativi,
1284 2071 1498 2113 iudicialis

86 2146 298 2200 agendum
348 2145 459 2203 est.2)
539 2146 752 2195 Quoniam
787 2138 927 2188 autem
960 2158 1038 2199 res,
1087 2148 1123 2186 si
1154 2147 1354 2186 inventae
1386 2149 1498 2197 sunt,

86 2218 264 2272 singulis
312 2221 513 2261 orationis
546 2220 737 2274 partibus
770 2219 1094 2273 subiungendae
1126 2219 1266 2271 iisque
1300 2217 1498 2258 ordinan-

86 2291 164 2332 dae
196 2295 309 2344 sunt,
353 2293 510 2346 optime
543 2305 617 2334 eae
648 2294 694 2333 in
729 2293 909 2347 singulis
941 2290 1170 2345 generibus
1202 2290 1371 2330 illarum
1404 2303 1499 2344 par-

86 2364 192 2404 tium
234 2364 380 2405 ordine
428 2365 804 2419 explicabuntuin*
849 2364 902 2404 Et
946 2364 1054 2404 hano
1088 2363 1258 2416 quidem
1290 2364 1498 2404 rationem

230 2474 262 2518 1)
290 2475 332 2509 de
358 2474 428 2512 inv.
455 2475 483 2517 I,
513 2478 544 2517 7,
571 2478 603 2511 9.
655 2476 696 2510 de
722 2485 772 2511 or.
798 2474 845 2516 Π,
873 2477 928 2516 34,
958 2477 1035 2511 147.
1086 2474 1128 2507 de
1154 2474 1242 2517 part.
1269 2483 1318 2507 or.
1346 2476 1377 2513 2,
1403 2477 1435 2509 5.

227 2535 262 2577 2)
289 2534 424 2576 Quodsi
452 2535 570 2571 Cicero
616 2537 652 2571 in
695 2535 802 2569 altero
846 2535 1014 2569 librorum
1054 2535 1118 2576 „de
1155 2534 1395 2577 inventione“,
1438 2533 1499 2568 ubi

87 2594 149 2630 ina
174 2605 303 2639 genera
329 2598 570 2640 pertractavit,
603 2597 699 2631 hune
725 2596 883 2630 ordinem
910 2607 979 2630 non
1005 2597 1148 2629 secutus
1175 2598 1235 2638 est,
1268 2595 1330 2629 sed
1356 2594 1498 2629 omnino

86 2656 298 2699 immutavit,
325 2667 537 2701 quamquam
565 2667 643 2690 eum
672 2657 713 2690 de
740 2657 812 2693 inv.
841 2656 868 2700 1,
895 2659 925 2697 5,
956 2660 974 2692 7
1001 2658 1037 2691 et
1061 2656 1090 2700 Ι,
1119 2659 1150 2700 7,
1177 2659 1198 2692 9
1223 2656 1380 2690 induxit:
1407 2655 1499 2690 hano

86 2716 361 2753 inconstantiam
389 2718 613 2762 comprobare
639 2717 737 2752 nullo
765 2719 865 2751 modo
891 2727 1096 2763 possumus.
