1863 3146
704 201 934 240 —39—

120 313 403 366 praescripsit,
451 326 523 355 seu
565 314 614 355 de
646 320 752 368 part.
787 330 842 356 or.
879 317 945 367 13,
978 318 1045 369 47,
1089 317 1202 372 unde
1233 316 1389 358 iterum
1422 316 1526 357 nihil

120 381 223 423 novi
241 382 456 439 discimus,
488 388 575 427 sive
604 400 662 429 or.
699 389 1031 439 36,124—125‚
1065 402 1149 443 quo
1182 390 1273 430 loco
1306 388 1352 429 in
1385 388 1529 442 „tenui

121 468 248 497 causa
280 458 403 498 etiam
438 460 760 512 argumentandi
793 464 919 500 tenue
952 461 1096 502 filum“
1128 463 1332 515 poscitur,
1379 459 1423 501 in
1458 473 1529 501 ve-

118 526 308 570 hementi
354 534 496 571 autem
531 533 685 572 oratori
718 531 992 585 permittitur,
1041 537 1087 573 ut
1122 532 1271 586 „latius
1305 546 1348 574 se
1379 533 1529 573 fundat

119 598 369 655 animosque
402 603 461 643 sic
493 602 659 656 afficiat,
691 609 737 644 ut
769 604 915 644 voletf‘

515 720 553 761 b.
604 720 673 762 De
716 724 1132 776 reprehensione.

259 793 545 848 Reprehensio
592 794 651 845 fit,
703 807 800 834 cum
835 802 973 835 ora-tor
1022 809 1081 846 ea,
1118 809 1225 848 quae
1259 796 1529 837 adversarius

120 870 218 907 ante
250 866 359 907 dixit
391 871 431 907 et
464 865 740 916 confirmavit,
775 869 1133 919 „argumentando
1166 869 1327 909 diluere
1351 875 1424 908 aut
1447 868 1528 908 ele-

119 937 276 989 varem)
318 938 545 979 contendit.
626 937 703 978 Cui
736 937 880 979 Cicero
930 953 1154 993 nusquam,
1202 943 1286 982 nisi
1317 942 1361 981 in
1394 942 1528 994 primo

117 1011 322 1051 librorum
372 1011 447 1062 „de
492 1011 776 1061 inventione“,
823 1015 869 1050 ut
915 1025 1042 1064 snpra
1091 1015 1382 1066 exposuimus,
1420 1014 1530 1052 inter

116 1087 257 1137 partes
305 1083 506 1123 orationis
553 1095 679 1122 suum
727 1083 866 1123 locum
903 1083 1035 1137 dedit3
1088 1085 1176 1125 illic
1209 1089 1350 1126 autem
1383 1098 1472 1126 eam
1507 1097 1527 1124 a

118 1155 436 1197 confirmatione
470 1155 642 1194 omnino
677 1160 914 1208 separatam
946 1158 1155 1198 tractavit.

258 1228 339 1269 Sed
386 1227 511 1268 talem
562 1227 893 1268 disiunctionem
938 1230 1213 1282 comprobare
1260 1243 1346 1270 non
1379 1242 1528 1282 possu-

117 1314 228 1350 mus,
279 1313 375 1340 cum
424 1299 619 1340 defensor
650 1300 701 1339 ad
735 1304 1147 1353 argumentationem
1181 1303 1436 1343 accusatoris
1468 1313 1531 1341 re-

119 1373 347 1414 fellendam
393 1377 466 1412 aut
512 1372 827 1412 dissolvendam
872 1374 1022 1414 iisdem
1055 1375 1157 1415 locis
1190 1372 1389 1428 utatur,¹)
1425 1387 1531 1427 quos

118 1448 162 1487 in
212 1459 262 1487 ea
303 1449 424 1500 parte
471 1444 783 1496 collocavimus,
830 1444 906 1485 ubi
956 1446 1005 1486 de
1053 1447 1372 1487 confirmatione
1410 1445 1533 1486 nobis

118 1519 330 1573 agendum
365 1519 467 1558 erat.

258 1589 487 1630 Refutatur
527 1593 671 1629 autem
711 1590 848 1629 omnis
883 1592 1209 1643 argumentatio,
1248 1593 1355 1633 sicut
1388 1591 1531 1631 Cicero

118 1663 169 1703 de
200 1663 288 1704 inv,
321 1662 353 1715 I,
385 1663 455 1712 42,
486 1662 539 1702 79
572 1661 833 1715 praescribit,
866 1663 929 1713 „si
966 1666 1041 1703 aut
1074 1675 1128 1703 ex
1160 1664 1223 1716 iis,
1257 1677 1367 1717 quae
1392 1678 1532 1717 sump-

116 1739 160 1776 ta
203 1738 316 1786 sunt,
362 1747 447 1775 non
499 1734 746 1775 conceditur
792 1734 954 1787 aliquid
1002 1735 1187 1788 plurave,
1235 1742 1307 1777 aut
1338 1737 1403 1777 his
1436 1749 1533 1777 con-

117 1808 248 1849 cessis
293 1807 531 1861 complexio
583 1805 653 1862 [ex
685 1805 768 1862 his]
805 1806 954 1847 confici
987 1812 1179 1861 negatur,
1226 1815 1298 1848 aut
1330 1810 1364 1849 si
1396 1821 1531 1861 genus

115 1882 260 1935 ipsum
293 1880 672 1935 argumentationis
700 1881 899 1920 vitiosum
934 1880 1182 1933 ostenditur,
1215 1886 1288 1921 aut
1319 1882 1353 1921 si
1387 1885 1531 1921 contra

117 1953 284 1995 firmam
332 1953 747 2008 argumentationem
793 1953 873 1992 alia
921 1965 1057 2005 aeque
1104 1952 1225 1993 firma
1266 1958 1341 1993 aut
1371 1953 1557 1994 firmior‘

116 2025 326 2079 ponitur.“
403 2025 569 2075 Quibus
616 2025 957 2078 reprehensionis
1003 2026 1141 2066 modis
1190 2027 1348 2067 multae
1395 2033 1531 2079 partes

117 2096 393 2138 subiciuntur
440 2099 588 2140 eadem
629 2099 804 2150 ratione,
851 2111 933 2150 qua
978 2099 1021 2138 in
1071 2098 1389 2139 confirmatione
1431 2099 1532 2139 locis

120 2171 521 2224 argumentationis,
565 2171 609 2210 in
654 2172 794 2224 iisque
840 2183 1005 2223 semper
1052 2171 1134 2212 fere
1183 2172 1227 2211 id
1278 2172 1436 2225 agitur,
1484 2178 1532 2211 ut

119 2256 404 2298 quaecunque
437 2242 724 2300 adversj‘arius
758 2244 990 2293 contendit,
1034 2256 1081 2284 ea
1115 2248 1188 2284 aut
1220 2248 1429 2297 negentur
1461 2248 1533 2285 aut

119 2315 162 2356 in
197 2318 449 2357 contrariam
481 2321 643 2371 partem
677 2319 1004 2370 convertantur3
1054 2330 1123 2358 eas
1156 2321 1311 2369 autem,
1344 2318 1455 2357 sicut
1487 2317 1530 2356 in

121 2388 215 2429 aliis
261 2389 466 2443 partibus,
510 2391 570 2430 ita
614 2390 658 2429 in
692 2390 768 2430 hac
803 2402 974 2442 quoque
1007 2390 1235 2443 praeterire
1266 2389 1381 2441 libet,
1430 2389 1529 2442 qum

122 2461 173 2501 de
203 2461 290 2501 inv.
321 2462 355 2515 I,
385 2464 456 2515 42,
489 2463 674 2513 79—51,
712 2462 763 2503 9ss
798 2463 898 2502 satis
931 2462 1115 2502 dilucide
1149 2462 1383 2515 explicatae
1415 2464 1529 2502 sunt.

263 2533 397 2575 Multo
442 2535 634 2577 breviora
683 2548 781 2576 vero
815 2540 856 2576 et
887 2535 1166 2574 contractiora
1199 2546 1247 2574 ea
1280 2537 1379 2575 sunt
1411 2545 1532 2586 prae-

122 2608 256 2659 cepta,
302 2620 410 2660 quae
455 2608 506 2649 de
560 2608 638 2648 hac
672 2621 717 2648 re
750 2607 801 2649 de
832 2612 936 2661 part.
970 2619 1028 2646 or.
1066 2606 1130 2658 12,
1163 2607 1219 2646 44
1253 2605 1529 2657 exhibentur,

227 2728 230 2730 ⁷
264 2725 297 2769 1)
323 2725 366 2760 de
391 2725 463 2761 inv.
490 2726 517 2768 I,
543 2729 598 2768 42,
627 2729 681 2762 78.
733 2724 798 2760 cfr.
825 2725 867 2758 de
894 2736 941 2760 or.
967 2723 1015 2765 ΙΙ,
1042 2726 1097 2765 53,
1124 2727 1202 2760 215.
