1863 3146
902 196 1133 246 —764

458 322 659 364 Proxime
692 324 743 364 ad
777 324 891 364 hunc
924 324 1077 377 locum,
1111 337 1237 378 quem
1262 325 1399 365 adnuo
1430 326 1720 378 tractavimus,

310 399 519 440 accedunt
567 409 675 449 quae
714 397 928 437 Antonius
967 396 1017 437 de
1059 409 1115 437 or.
1154 396 1208 448 Π,
1259 398 1635 451 80,326—81,330
1669 398 1720 439 de

310 471 551 511 narratione
598 469 784 521 protulit,
838 470 1033 522 quamvis
1077 471 1126 522 is,
1174 471 1284 510 sicut
1329 470 1412 510 iam
1453 470 1719 511 animadver-

310 544 452 595 timus,
485 554 584 581 cum
618 541 669 581 de
701 541 876 582 exordio
911 543 1238 596 disputaremus,
1271 555 1439 597 semper
1469 542 1511 582 id
1545 543 1642 596 egit,
1676 547 1722 583 ut

312 615 569 655 Graecorum
603 617 836 667 praecepta,
882 628 989 668 quae
1023 614 1168 656 Cicero
1212 617 1256 655 in
1299 615 1420 656 libris
1465 615 1540 666 „de
1571 615 1721 655 inven-

309 688 449 727 tione“
481 687 656 726 omnino
689 688 861 740 accepit,
894 687 1159 740 deprimeret.
1224 687 1292 728 Sic
1325 689 1403 728 1100
1427 699 1597 741 quoque
1629 687 1720 727 loco

311 759 546 811 admonuit,
602 771 655 799 ne
703 759 835 798 nimia
883 759 1087 800 brevitate
1134 761 1175 799 in
1226 760 1438 800 narrando
1494 763 1722 812 uteremur,

310 845 407 873 cum
455 844 505 872 ea
539 834 578 871 et
611 831 913 872 obscuritatem
945 832 1111 872 afferret
1158 836 1198 873 et
1241 834 1468 872 maximam
1518 832 1719 873 virtutem

310 905 579 955 narrationis,
623 907 668 943 ut
714 904 902 944 iucunda
947 907 987 944 et
1020 904 1071 944 ad
1105 905 1451 958 persuadendum
1486 917 1722 945 accommo-

312 978 406 1017 data
440 978 506 1027 sit,
541 976 814 1029 deperderet,
853 980 893 1017 et
924 977 1067 1030 paullo
1112 980 1207 1031 post
1240 976 1541 1017 obscuritatem
1575 990 1722 1017 narra-

310 1050 437 1089 tionis
469 1050 623 1088 iterum
660 1050 926 1103 vituperavit,
959 1063 1058 1090 cum
1092 1050 1143 1090 de
1166 1062 1225 1089 or.
1261 1049 1314 1101 II,
1349 1049 1505 1101 80,329
1539 1050 1721 1090 diceret:

312 1122 522 1174 „narratio
571 1120 749 1161 obscura
782 1125 911 1162 totam
951 1121 1150 1162 obcaecat
1182 1122 1453 1174 orationem,“
1499 1122 1599 1175 quia
1632 1122 1724 1162 eius

312 1207 447 1248 „unus
479 1195 523 1234 in
572 1206 698 1234 causa
742 1195 890 1235 locus“
924 1198 1045 1236 esset.
1118 1192 1200 1235 Sed
1232 1195 1412 1234 aliarum
1454 1206 1626 1248 quoque
1658 1206 1722 1234 re-

309 1280 418 1319 rum,
470 1279 575 1319 quas
622 1267 671 1307 de
715 1267 803 1308 inv,
851 1267 883 1320 1,
935 1267 1251 1320 lem—2130
1297 1267 1557 1317 invenimus,
1602 1278 1720 1306 men-

309 1341 466 1380 tionem
500 1339 609 1380 fecit.
673 1339 742 1381 Sic
774 1340 891 1380 illam
924 1343 1098 1393 partem,
1137 1352 1245 1393 quae
1278 1340 1320 1379 in
1355 1339 1546 1393 personis
1579 1351 1720 1379 versa-

309 1417 378 1453 tur
411 1425 607 1466 quaeque
638 1412 724 1452 illic
756 1414 879 1453 tertio
907 1414 1065 1466 generi,
1097 1426 1120 1453 a
1147 1412 1344 1453 civilibus
1377 1412 1516 1452 causis
1549 1415 1722 1462 remoto,

310 1485 501 1526 subiecta
535 1488 608 1537 est,
650 1498 736 1525 una
769 1498 864 1526 cum
907 1487 1149 1526 narratione
1182 1485 1390 1539 probabili
1424 1488 1464 1525 et
1497 1487 1639 1538 aperta
1672 1484 1722 1524 de

311 1571 370 1599 or.
402 1557 459 1607 Π,
495 1558 800 1610 &offis-329
828 1560 1187 1602 commemoravit.
1253 1558 1369 1607 Quae
1398 1569 1497 1597 vero
1521 1557 1721 1597 universe

310 1630 361 1671 ab
385 1631 571 1671 Antonio
606 1631 656 1671 de
689 1633 932 1672 narratione
954 1630 1306 1686 praescribuntur
1337 1629 1388 1670 de
1412 1642 1470 1669 or.
1494 1629 1549 1682 II,
1583 1629 1722 1682 8130,

310 1716 357 1743 ea
389 1703 514 1757 plane
547 1716 645 1744 cum
675 1705 727 1745 iis
749 1705 984 1758 praeceptis
1007 1704 1292 1755 consentiunt,
1326 1714 1435 1756 quae
1468 1704 1637 1742 exstant
1670 1701 1721 1741 de

308 1778 395 1817 inv,
428 1776 458 1825 L
493 1776 629 1829 21,30.

449 1849 497 1889 In
546 1850 694 1890 ceteris
742 1849 863 1890 libris
912 1850 1134 1891 rhetoricis
1183 1847 1330 1889 Cicero
1376 1848 1631 1902 plerumque
1677 1845 1719 1886 id

309 1934 445 1961 unum
481 1922 531 1961 de
564 1923 805 1963 narratione
840 1923 994 1974 docuit,
1026 1926 1074 1962 ut
1106 1921 1259 1973 brevis,
1298 1924 1453 1974 aperta,
1492 1918 1722 1973 probabilis

311 1997 431 2046 esset,
466 1996 662 2047 quamvis
695 1995 788 2036 aliis
821 1996 938 2048 locis,
983 1994 1059 2035 ubi
1092 1995 1196 2034 haec
1232 1994 1310 2034 tria
1354 1993 1597 2047 postulavit,
1630 1991 1723 2032 aliis

313 2079 483 2120 quoque
520 2067 736 2108 vocabulis
769 2081 878 2109 usus
911 2071 985 2110 est.

452 2138 520 2179 Sic
553 2139 604 2179 de
638 2152 696 2180 or.
730 2140 785 2193 ΙΙ,
833 2142 898 2193 19,
944 2141 997 2181 80
1033 2141 1265 2180 Antonius:
1316 2138 1528 2192 „deinde,“
1572 2137 1726 2192 inquit,

310 2224 422 2265 ,rem
487 2225 658 2253 narrare
731 2215 805 2265 ita,
868 2217 915 2254 ut
976 2213 1220 2254 verisimilis
1289 2212 1474 2252 narratio
1547 2211 1618 2263 sit,
1678 2213 1728 2250 ut

310 2289 465 2338 aperta,
527 2289 574 2326 ut
611 2285 800 2339 brevis3“
839 2290 879 2327 et
926 2299 983 2327 or.
1036 2286 1102 2335 36,
1144 2286 1228 2324 1224
1276 2284 1421 2324 eadem
1468 2283 1534 2323 his
1585 2281 1726 2327 verbis

310 2357 622 2409 significantur:
672 2359 970 2412 „Narrationes
1010 2358 1234 2399 credibiles
1273 2369 1351 2397 1100
1388 2356 1600 2404 historico,
1653 2354 1724 2395 sed

310 2443 440 2484 prope
475 2432 722 2484 quotidiano
755 2445 951 2473 sermone
984 2432 1218 2486 explicatae
1252 2427 1475 2469 dilucide.“
1552 2427 1595 2468 81
1628 2439 1727 2468 vero

312 2503 363 2543 de
395 2508 500 2557 part.
520 2505 632 2557 01:19,
667 2505 718 2545 31
753 2504 1080 2558 praescribitur:
1117 2503 1250 2557 „Nam
1284 2505 1330 2542 ut
1363 2501 1545 2543 dilucide
1577 2499 1726 2554 proba-

311 2574 536 2629 biliterque
561 2590 794 2631 narremus,
817 2578 1106 2618 necessarium
1123 2579 1201 2627 est,
1222 2575 1295 2616 sed
1315 2586 1581 2615 assumemus
1600 2573 1725 2613 etiam

312 2649 606 2701 suavitate1n,“
634 2651 740 2690 1111111
773 2652 871 2691 novi
907 2650 1029 2691 nobis
1061 2649 1304 2703 praebetur,
1335 2661 1432 2688 nam
1467 2646 1729 2696 brevitatem,

313 2735 437 2774 quam
473 2722 792 2776 desideramus,
826 2736 922 2763 cum
957 2724 1199 2764 narratione
1232 2719 1417 2761 dilucida
1451 2720 1726 2760 coniunctam
