1863 3146
311 318 588 372 postularent,
630 317 724 357 aliis
763 316 867 356 locis
916 315 996 355 alia
1041 315 1307 368 praecepisse
1347 325 1423 354 seu
1461 313 1604 366 potius
1643 313 1727 353 alia

312 391 474 431 ratione
508 390 774 430 disseruisse.

453 462 544 501 Iam
577 465 769 502 nostrum
803 461 881 501 erit
914 472 974 512 ea,
998 472 1108 513 quae
1140 459 1191 500 de
1222 459 1429 513 gravitate
1463 457 1729 510 singularum

315 535 585 588 eloquentiae
615 535 801 587 partium
835 533 1039 584 docuerit,
1082 533 1125 572 in
1159 531 1344 572 medium
1377 530 1578 584 proferre.
1639 530 1730 571 Pri-

313 620 430 647 mum
475 606 598 647 nobis
642 606 905 646 afferendum
953 610 1017 646 est
1062 606 1182 645 Brut.
1217 604 1255 656 6,
1303 604 1372 655 25,
1419 602 1493 643 ubi
1539 602 1590 643 de
1630 603 1731 643 artis

313 680 546 720 rhetoricae
577 678 825 719 difficultate
858 678 1050 731 loquitur
1083 689 1262 729 eamque
1294 676 1361 716 his
1384 675 1526 715 verbis
1560 675 1730 715 demon—

315 756 448 793 strare
481 756 678 792 conatur:
730 750 920 803 „Quibus
966 750 1079 790 enim
1128 761 1182 789 ex
1232 749 1425 801 quinque
1467 747 1596 788 rebus
1630 760 1730 788 con-

314 829 424 866 stare
473 825 629 864 dicitur
679 822 757 878 [sc.
792 821 1065 876 eloquentia],
1113 834 1261 862 earum
1301 834 1389 861 una
1436 833 1630 873 quaeque
1670 823 1734 861 est

315 911 381 938 ars
415 899 507 951 ipsa
540 910 694 949 magna
727 908 800 950 per
832 907 936 937 sese.
1001 893 1192 942 Quarum
1222 895 1415 947 quinque
1449 894 1603 933 artium
1637 905 1735 933 con-

318 983 473 1011 cursus
521 969 819 1019 maximarum,
860 970 1063 1021 quantam
1104 968 1190 1007 vim
1225 970 1515 1020 quantamque
1556 965 1735 1007 difficul-

318 1048 444 1083 tatem
501 1041 665 1093 habeat‚
719 1041 954 1082 existimari
1002 1040 1176 1094 potest.“
1265 1039 1535 1092 Quamquam
1591 1051 1738 1079 omnes

316 1120 455 1169 partes
486 1115 565 1155 hoc
597 1115 688 1155 loco
735 1127 903 1155 summa
947 1113 1074 1154 laude
1118 1112 1269 1163 affecit,
1310 1117 1454 1153 tamen
1495 1112 1737 1161 elocutioni,

319 1189 389 1229 cui
423 1188 551 1228 ceteri
583 1188 772 1228 rhetores
803 1187 905 1226 inde
928 1185 980 1225 ab
1004 1185 1247 1225 Aristotelis
1280 1188 1413 1225 aetate
1445 1185 1737 1225 inventionem

318 1262 441 1314 longe
496 1260 797 1314 praetulerant,
851 1259 1086 1299 maximam
1136 1258 1387 1312 gravitatem
1441 1257 1644 1310 attribuit,
1695 1257 1735 1297 id

319 1334 431 1387 quod
466 1337 610 1386 aperte
643 1330 935 1386 compluribus
973 1332 1077 1372 10013
1118 1331 1237 1382 dixit,
1284 1343 1391 1383 quos
1435 1332 1480 1370 in
1522 1331 1585 1382 iis,
1630 1342 1740 1383 quae

318 1410 574 1459 sequuntur,
607 1405 764 1446 referre
797 1404 920 1445 nobis
952 1405 1089 1446 liceat.
1151 1402 1215 1444 De
1249 1403 1474 1456 or.11,27,
1511 1402 1594 1443 120
1626 1404 1740 1443 enim

321 1480 525 1532 scriptum
560 1478 775 1519 videmus:
826 1477 1004 1532 „Itaque
1046 1490 1142 1518 curn
1188 1477 1290 1517 haec
1334 1477 1418 1517 duo
1458 1475 1580 1516 nobis
1613 1488 1741 1528 quae-

321 1552 459 1593 renda
491 1552 575 1592 sint
606 1551 652 1590 in
684 1550 839 1602 causis,
872 1552 1057 1604 primum
1091 1549 1206 1603 quid,
1245 1549 1399 1590 deinde
1433 1548 1646 1603 quomodo
1680 1548 1740 1588 di-

326 1638 494 1675 camus3
531 1624 723 1676 alterum,
753 1624 865 1676 quod
888 1627 1023 1663 totum
1047 1628 1135 1662 arte
1162 1623 1340 1663 tinctum
1366 1622 1548 1675 videtur,
1573 1621 1742 1662 tametsi

328 1703 461 1738 artem
507 1697 700 1749 requirit,
746 1701 888 1736 tamen
933 1695 1184 1749 prudentiae
1229 1698 1292 1736 est
1333 1708 1465 1749 paene
1505 1695 1743 1746 mediocris,

329 1772 432 1825 quid
467 1769 696 1810 dicendum
730 1770 795 1820 sit,
834 1769 1002 1821 videre3
1050 1768 1230 1808 alterum
1264 1771 1338 1819 est,
1369 1768 1414 1807 in
1449 1780 1531 1821 quo
1566 1767 1742 1808 oratoris

332 1843 396 1882 vis
428 1842 501 1881 illa
535 1841 680 1882 divina
702 1843 926 1895 virtusque
960 1843 1159 1892 cernitur,
1191 1853 1250 1891 ea,
1284 1853 1394 1894 quae
1427 1840 1606 1881 dicenda
1632 1844 1743 1891 sunt,

327 1919 484 1965 ornate,
532 1916 701 1968 copiose
741 1916 943 1968 varieque
983 1914 1159 1955 dicere.‘·‘
1238 1912 1431 1961 Quocum
1464 1913 1555 1953 1000
1589 1913 1744 1966 optime

327 1987 535 2027 consentit
569 1987 691 2027 Brut.
723 1987 791 2038 29,
827 1988 921 2038 110,
955 1987 1031 2027 11101
1062 1987 1353 2027 inventionem
1386 1987 1475 2027 sine
1509 1986 1745 2026 elocutione

325 2059 452 2099 nihili
486 2071 577 2099 esse
611 2059 677 2099 his
711 2059 851 2100 verbis
884 2061 1116 2114 expressit:
1163 2058 1336 2113 „Neque
1381 2059 1493 2100 enim
1526 2058 1653 2098 refert
1684 2058 1745 2096 vi-

332 2133 444 2185 dere,
472 2131 577 2185 quid
611 2131 839 2172 dicendum
873 2133 939 2181 sit,
963 2134 1046 2173 nisi
1078 2132 1120 2172 id
1155 2145 1285 2185 queas
1319 2132 1457 2173 solute
1490 2135 1530 2172 et
1562 2131 1748 2172 suaviter

334 2205 515 2246 dicere.“
580 2204 688 2244 Item
722 2205 766 2244 in
799 2207 1015 2257 „oratore“
1039 2205 1323 2246 elocutionem
1347 2205 1525 2257 reliquis
1557 2203 1750 2258 partibus

330 2279 409 2319 etsi
441 2290 529 2318 non
561 2278 830 2330 necessitate,
874 2282 1057 2319 attamen
1091 2283 1180 2318 arte
1212 2277 1398 2317 multum
1431 2281 1645 2330 praestare
1678 2276 1748 2317 de-

327 2351 527 2401 claravit3
562 2362 661 2390 nam
695 2363 754 2393 or.
785 2351 852 2403 14,
880 2352 937 2390 44
971 2352 1073 2391 haec
1106 2350 1291 2403 scripsit:
1325 2352 1413 2402 „Ac
1446 2350 1530 2390 duo
1564 2349 1748 2390 breviter

326 2425 462 2477 prima
499 2422 572 2479 [sc.
608 2424 798 2464 inventio
832 2427 873 2464 et
906 2423 1169 2478 dispositi0];
1219 2427 1320 2463 sunt
1367 2423 1478 2463 enim
1526 2435 1612 2463 non
1661 2426 1747 2463 tam

328 2497 512 2550 insignia
545 2495 597 2536 ad
629 2497 861 2537 maximam
894 2497 1067 2537 laudem
1101 2509 1230 2550 quam
1263 2496 1501 2536 necessaria
1534 2500 1575 2536 et
1606 2499 1744 2535 tamen

329 2582 428 2610 cum
459 2568 606 2608 multis
640 2581 772 2621 paene
805 2568 1091 2620 cominunia;“
1126 2572 1167 2608 et
1204 2568 1360 2609 ibidem
1402 2567 1465 2620 16,
1507 2567 1579 2606 51:
1630 2564 1749 2619 „Sed,

329 2645 375 2681 ut
414 2644 511 2681 ante
551 2640 709 2681 dictum
749 2646 822 2694 est,
869 2644 914 2682 in
953 2642 1017 2682 his
1060 2640 1266 2695 partibus,
1314 2641 1393 2681 etsi
1434 2651 1587 2694 graves
1620 2642 1748 2691 atque

329 2725 506 2768 magnae
554 2717 668 2762 sunt,
718 2715 860 2755 minus
908 2719 949 2756 et
996 2716 1098 2755 artis
1147 2722 1208 2755 est
1256 2718 1296 2754 et
1334 2712 1528 2754 laboris.“
1592 2708 1668 2766 [sc.
1701 2711 1747 2749 in
