1863 3146
909 203 1140 242 —10—

319 323 465 377 placet,
515 327 559 362 ut
607 321 851 362 traducatur
899 319 950 358 ad
990 321 1238 372 perpetuam
1273 310 1564 371 quaestionem
1603 325 1730 372 atque

320 399 366 436 ut
405 395 455 434 de
495 394 694 434 universo
735 404 888 446 genere
927 391 1128 433 dicatur.“
1205 390 1257 430 In
1296 390 1373 430 hoc
1413 403 1581 443 quoque
1618 390 1728 431 libro

319 467 466 507 falsam
500 466 616 505 illam
650 464 700 504 de
734 464 976 504 Aristotelis
1016 464 1241 517 partitione
1284 463 1554 514 sententiam,
1602 476 1730 516 quam

321 540 372 579 de
405 541 492 579 inV.
525 537 556 590 I,
591 538 626 589 5,
662 537 697 588 7,
731 536 907 589 aperuit,
939 536 1029 589 ipse
1063 535 1259 587 correxit,
1298 534 1343 574 id
1376 535 1488 587 quod
1521 535 1616 575 luce
1649 535 1731 575 cla-

321 613 411 652 rius
458 614 629 664 apparet
677 621 730 649 ex
779 608 845 648 his
894 607 1047 659 verbis,
1096 620 1204 661 quae
1251 610 1421 648 exstant
1459 620 1517 649 or.
1554 608 1618 659 14,
1651 607 1732 647 46:

322 683 461 737 „Haec
503 684 634 736 igitur
667 681 856 734 quaestio
890 693 913 719 a
946 681 1129 733 propriis
1161 680 1354 733 personis
1395 683 1434 720 et
1473 679 1737 733 temporibus

322 757 373 798 ad
405 756 597 797 universi
629 754 798 808 generis
832 752 1065 792 orationem
1098 752 1295 792 traducta
1327 752 1563 805 appellatur
1597 754 1733 802 θέσις.

321 830 372 870 In
406 830 483 869 hac
517 825 766 868 Aristoteles
811 824 1106 865 adulescentes
1155 838 1241 864 non
1292 824 1343 864 ad
1388 823 1739 878 philosophorum

323 915 481 942 morem
515 900 701 941 tenuiter
733 896 979 949 disserendi,
1028 897 1100 937 sed
1148 897 1200 937 ad
1233 897 1395 950 copiam
1430 897 1659 949 rhetorum,
1694 899 1738 938 in

327 978 548 1027 utramque
594 974 763 1028 partem
811 972 857 1009 ut
904 971 1097 1010 ornatius
1144 973 1185 1010 et
1232 969 1408 1010 uberius
1458 970 1540 1010 dici
1586 974 1738 1023 posset,

326 1046 552 1087 exercuit.“
628 1044 711 1085 Sed
745 1043 870 1083 6113111
903 1042 943 1081 111
984 1042 1231 1094 „partitione
1264 1043 1470 1082 013101·13“
1503 1043 1740 1096 reperimus

325 1119 442 1159 illam
475 1118 677 1157 materiae
711 1113 1071 1165 distributionem,
1104 1127 1231 1167 quam
1264 1115 1513 1156 adulescens
1548 1116 1592 1155 in
1624 1114 1737 1156 Her-

326 1203 497 1245 magora
528 1187 880 1244 reprehenderat,
929 1198 1026 1225 nam
1071 1186 1121 1226 de
1166 1190 1270 1239 part.
1304 1199 1362 1227 or.
1399 1188 1435 1239 1,
1467 1189 1494 1227 4
1524 1188 1742 1242 respondit

327 1262 471 1303 Cicero
503 1262 590 1302 filio
624 1259 860 1313 quaerenti,
905 1271 1115 1311 quasnam
1147 1262 1287 1312 partes
1320 1258 1494 1300 haberet
1528 1261 1740 1313 quaestio:

327 1334 580 1387 „Infinitam,
626 1346 753 1386 quam
799 1331 1155 1372 consultationem
1198 1332 1376 1385 appello,
1423 1335 1463 1372 et
1512 1331 1741 1382 definitam,

328 1420 455 1460 quam
487 1419 659 1446 causam
691 1402 904 1454 30111111ος(ι
928 1403 1074 1444 eaden]
1109 1405 1276 1457 partitio
1307 1404 1533 1445 exhibetur
1566 1405 1616 1445 de
1638 1408 1741 1458 part.

329 1492 384 1519 01.
421 1479 487 1531 is,
521 1478 588 1530 61,
622 1477 697 1518 ubi
729 1477 834 1516 haec
865 1474 1001 1516 filium
1036 1476 1201 1517 docuit:
1243 1476 1363 1529 „Duo
1397 1481 1510 1529 sunt,
1543 1481 1592 1518 ut
1623 1478 1742 1518 initio

329 1552 429 1603 dixi,
463 1551 763 1604 quaestionum
795 1560 963 1601 genera,
1004 1562 1187 1601 quorum
1228 1550 1406 1590 alterum
1438 1550 1607 1590 finitum
1640 1552 1743 1590 16111-

327 1623 500 1677 poribus
548 1627 587 1663 et
634 1622 827 1676 personis
866 1633 1040 1661 causam
1073 1622 1250 1675 appello,
1300 1623 1480 1663 alterum
1527 1621 1742 1662 infinitum

329 1696 457 1736 nullis
491 1708 633 1749 neque
666 1694 860 1748 personis
894 1705 1034 1746 neque
1067 1695 1328 1748 temporibus
1370 1698 1561 1735 notatum
1594 1707 1743 1748 propo-

326 1769 457 1809 situm
489 1781 605 1810 voco.
655 1766 736 1807 Sed
759 1769 823 1806 est
854 1767 1117 1819 propositum
1150 1768 1269 1820 quasi
1304 1768 1427 1807 latior
1458 1780 1557 1821 pars
1592 1779 1744 1807 causae

329 1841 548 1893 quaedam.
627 1840 744 1880 [nest
783 1839 897 1878 enim
936 1837 1153 1879 infinitum
1191 1841 1236 1879 in
1276 1839 1449 1880 definito
1483 1842 1524 1880 et
1555 1839 1607 1879 ad
1639 1840 1744 1880 illud

329 1919 470 1953 tamen
522 1912 765 1953 referuntur
813 1911 990 1951 omniaf‘
1079 1911 1448 1953 Consultationum
1494 1915 1634 1952 autem
1694 1912 1745 1952 ad

332 1998 482 2026 causas
515 1986 836 2027 translationem
870 1983 921 2023 de
956 1987 1061 2036 part.
1095 1997 1150 2024 or.
1180 1985 1246 2037 30,
1273 1984 1353 2024 106
1388 1985 1746 2037 commemoravit,

333 2070 417 2111 quo
450 2058 563 2098 loco:
606 2058 731 2110 „Ita“,
763 2056 916 2109 inquit,
954 2057 1305 2110 „disceptationes
1339 2069 1424 2108 eae,
1460 2069 1569 2110 quae
1601 2057 1647 2096 in
1679 2058 1744 2097 his

332 2130 632 2171 controversiis
665 2131 873 2181 oriuntur,
912 2142 1022 2182 quae
1054 2133 1155 2170 sunt
1186 2130 1312 2170 certis
1345 2130 1537 2182 personis
1570 2133 1610 2171 et
1641 2133 1744 2170 tem—

332 2203 507 2256 poribus
540 2206 720 2256 notatae,
761 2202 873 2242 fiunt
910 2215 1061 2242 rursus
1100 2202 1292 2243 infinitae
1326 2202 1608 2255 detractisque
1640 2205 1745 2243 tem-

333 2276 506 2329 poribus
553 2279 592 2317 et
640 2276 831 2330 personis
881 2287 1051 2315 rursum
1102 2275 1154 2315 ad
1201 2275 1523 2315 consultationis
1566 2275 1745 2315 formam

332 2349 630 2402 rationemque
678 2348 970 2390 revocantur.“
1055 2347 1174 2396 Quae
1223 2348 1406 2400 denique
1458 2348 1503 2387 111
1550 2347 1744 2400 ,,101)1613“

334 2421 410 2461 hac
459 2421 510 2462 de
557 2434 601 2462 re
650 2421 833 2474 scripsit,
886 2432 983 2460 cum
1036 2421 1100 2471 iis,
1148 2432 1258 2473 quae
1305 2419 1430 2470 modo
1478 2419 1745 2472 protulimus,

333 2494 489 2534 iterum
523 2494 677 2547 optime
700 2493 1006 2543 consentiunt3·
1027 2492 1208 2545 legimus
1227 2493 1340 2533 enim
1363 2496 1444 2545 top.
1465 2491 1532 2543 21,
1553 2491 1744 2532 79--801

335 2552 668 2619 „Quaestionum
703 2561 785 2606 duo
821 2563 952 2621 [sunt]
986 2577 1153 2618 genera,
1191 2566 1371 2606 alterum
1403 2564 1636 2614 infinitum,
1677 2564 1747 2604 de-

336 2638 505 2678 finitum
539 2638 729 2679 alterum.
804 2637 1037 2679 Definitum
1077 2644 1152 2691 est,
1198 2638 1310 2692 quod
1340 2633 1554 2679 ἷπόθεσιν
1587 2635 1747 2688 Graeci,

336 2723 414 2752 nos
446 2723 644 2761 causam,
693 2710 922 2763 infinitum,
971 2711 1085 2763 quod
1127 2708 1254 2753 θέσιν
1296 2711 1358 2751 1111
1403 2709 1628 2764 appellant,
1671 2721 1748 2749 nos
