1863 3146
714 191 943 231 -Π-

126 308 387 363 propositum
421 320 650 361 possumus
683 309 915 349 nominare.
992 308 1057 348 SO.
1105 307 1242 348 Causa
1285 306 1408 346 certis
1446 318 1537 359 per-

127 382 256 433 sonis,
289 381 403 433 loeis,
435 380 712 436 temporibus,
744 380 994 432 actionibus,
1034 380 1215 433 negotiis
1248 379 1434 419 cernitur
1466 381 1539 417 aut

126 454 170 493 in
205 452 406 494 omnibus
440 458 511 495 aut
542 455 586 494 in
619 454 833 507 plerisque
873 465 1044 503 eorum,
1091 452 1351 505 propositum
1396 452 1538 490 autem

109 527 170 567 -in
203 524 348 580 aliquo
382 539 530 568 eorum
563 530 637 568 aut
668 527 710 566 in
744 525 950 579 pluribus,
969 537 1046 565 neo
1073 527 1213 565 tamen
1246 524 1290 563 in
1325 522 1536 562 maximis.

128 599 276 653 Itaque
309 600 572 653 propositum
606 611 702 652 pars
737 602 798 638 est
831 609 996 639 causae.
1059 596 1141 637 Sed
1175 596 1312 636 omnis
1347 595 1539 647 quaestio

129 683 277 712 eorum
309 672 452 725 aliqua
485 671 534 711 de
566 683 611 711 re
643 674 716 722 est,
750 669 906 724 quibus
939 681 1091 709 causae
1137 668 1422 718 continentur,
1469 669 1542 706 aut

131 757 218 784 una
250 748 322 784 aut
353 742 547 797 pluribus
580 746 652 784 aut
684 755 995 795 nonnunquam
1030 739 1265 781 omnibus.“

273 816 376 867 Iam,
411 816 446 856 si
478 816 730 869 respicimus
763 815 814 854 ad
849 826 1045 867 ea,·quae
1078 813 1215 853 adnuo
1248 811 1297 851 de
1332 811 1543 863 quaestio-

133 889 260 930 nibus
294 889 482 929 diximus
516 899 648 940 eaque
681 886 864 928 breviter
896 885 1306 939 comprehendimus,
1324 878 1448 923 ‘haee
1481 884 1542 923 in-

135 962 350 1003 venimus:
398 960 448 1000 In
486 959 607 1000 libris
647 959 723 1011 „de
756 958 1025 1000 invention&
1061 957 1204 997 Cicero
1239 956 1545 1009 Hermagoram

134 1034 413 1088 reprehendit,
464 1033 563 1087 quia
611 1033 830 1073 materiam
879 1032 980 1071 artis
1012 1030 1253 1071 rhetoricae
1296 1030 1341 1068 in
1374 1041 1546 1069 eausam

135 1110 176 1147 et
217 1107 263 1147 in
303 1106 594 1160 quaestionem
636 1105 791 1156 divisit,
835 1107 875 1144 et
922 1105 1010 1156 ipse
1056 1102 1341 1155 eloquentiam
1389 1102 1433 1140 in
1482 1101 1547 1140 his

135 1177 273 1219 tribus
305 1177 537 1232 generibus
570 1178 727 1218 versari
764 1176 993 1217 arbitratus
1027 1178 1106 1216 est:
1132 1176 1175 1214 in
1199 1186 1353 1227 genere
1377 1173 1549 1213 demon-

137 1252 326 1304 strativo,
373 1250 661 1302 deliberativo,
707 1249 912 1290 iudiciali.
995 1246 1048 1287 In
1090 1245 1209 1286 libris
1254 1245 1332 1297 „de
1366 1244 1554 1285 oratore“

139 1327 280 1365 autem
316 1323 495 1364 Crassus
528 1326 569 1363 et
600 1322 818 1362 Antonius
851 1322 962 1361 inter
989 1333 1033 1361 se
1066 1322 1276 1373 pugnant3
1319 1331 1415 1358 nam
1449 1317 1552 1357 alter

138 1397 190 1437 ad
223 1396 511 1450 Hermagorae
543 1395 797 1451 sententiam
830 1394 1020 1445 accessit,
1049 1393 1154 1433 alter
1186 1391 1299 1431 haud
1331 1391 1553 1430 immemor

140 1482 301 1521 eorum,
350 1481 459 1522 quae
504 1471 647 1508 noster
693 1468 735 1506 in
785 1465 904 1506 libris
952 1466 1026 1518 „de
1070 1463 1339 1505 inventione“
1374 1463 1554 1515 scripsit,

139 1542 410 1595 partitionem
459 1541 658 1581 materiae
705 1540 748 1579 in
795 1539 1063 1592 quaestiones
1107 1536 1293 1577 infinitas
1336 1538 1376 1575 et
1412 1534 1554 1574 finitas

140 1612 334 1667 reiecit.¹)
410 1613 460 1653 In
509 1613 690 1665 reliquis
739 1612 924 1665 denique
973 1610 1092 1650 libris
1140 1608 1360 1648 rhetoricis
1409 1605 1554 1646 Cicero

141 1671 451 1741 Herma'goram
491 1689 661 1727 secutus
706 1688 768 1726 est
813 1685 1118 1735 materiamque
1163 1681 1275 1732 artis,
1323 1680 1433 1720 siout
1474 1679 1556 1729 ille,

143 1758 361 1801 distribuit
390 1759 434 1798 in
469 1758 740 1812 quaestiones
772 1758 959 1798 infinitas
1004 1773 1055 1790 z
1105 1755 1265 1804 θέσεις,
1313 1765 1417 1805 quas
1464 1754 1551 1791 tum

143 1832 391 1886 simpliciter
407 1830 752 1884 „quaestionenw
777 1842 853 1870 seu
886 1824 1300 1881 „cmisultationein“‚
1323 1829 1414 1863 tum
1438 1835 1557 1876 „pro-

143 1904 352 1960 positum“
386 1916 461 1945 seu
507 1903 788 1956 „propositam
828 1897 1206 1940 consultationem*
1240 1896 1478 1949 appellavit,
1518 1897 1559 1934 et
1593 1886 1601 1898 '

144 1979 188 2018 in
236 1977 505 2031 quaestiones
551 1974 694 2015 finitas
738 1990 790 2008 :z
825 1967 1073 2023 ὑποθέσεις,
1122 1981 1230 2023 quae
1274 1968 1324 2008 ab
1370 1980 1417 2008 eo
1465 1966 1558 2006 aliis

146 2050 250 2091 locis
302 2048 493 2103 ‚,eausa“,
551 2047 643 2087 aliis
700 2044 1033 2099 „controversia‘⁴
1086 2045 1310 2094 vooantm·;
1374 2051 1559 2092 eumque

149 2123 418 2176 quaestiones
458 2120 648 2161 infinitas
691 2119 734 2158 in
777 2117 860 2158 duo
899 2128 1056 2170 genera
1089 2113 1377 2156 distribueret:
1424 2124 1560 2152 unum

149 2195 420 2249 cognitionis,
463 2193 644 2234 alterum
695 2190 885 2242 actionis,
935 2187 1256 2242 quaestionibus
1303 2186 1435 2225 finitis
1482 2185 1562 2224 tria

293 2345 326 2391 1)
365 2344 583 2388 Repetamus
624 2343 690 2377 hoc
729 2342 815 2387 loco,
855 2351 944 2386 quae
980 2340 1052 2374 iam
1091 2348 1198 2382 supra
1241 2338 1286 2381 [p.
1326 2336 1360 2380 9]
1412 2344 1563 2370 comme-

149 2405 382 2441 moravimus:
407 2405 528 2440 Cicero
552 2404 590 2438 in
615 2403 714 2438 libris
742 2403 808 2446 „de
826 2403 985 2436 oratore⁴⁴
1007 2399 1168 2434 Crassum
1195 2397 1280 2432 feeit
1306 2408 1347 2432 ea
1372 2396 1561 2437 dicentem,

151 2478 240 2512 quae
265 2467 341 2511 ipse
367 2465 572 2501 adulescens
601 2464 657 2498 vel
684 2474 790 2498 senex
824 2462 933 2497 sensit
965 2470 1127 2505 quaeque
1158 2469 1247 2503 puer
1274 2458 1330 2492 vel
1361 2457 1566 2491 adulescen-

150 2527 249 2562 tulus
275 2526 415 2571 saepius
440 2525 725 2569 reprehenderat.
788 2524 1016 2567 Quapropter,
1057 2524 1095 2554 ut
1122 2520 1157 2554 in
1184 2519 1262 2554 aliis
1289 2516 1566 2564 quaestionibus,

152 2588 201 2624 ita
240 2588 277 2623 in
318 2588 384 2622 hac
422 2596 562 2631 quoque
600 2584 766 2619 materiae
805 2583 994 2628 partitione
1032 2581 1152 2617 Cicero
1192 2591 1301 2615 senex
1333 2590 1411 2613 eum
1439 2576 1566 2612 Crasso

152 2649 342 2691 consensit,
357 2659 435 2684 cum
454 2646 629 2681 Antonius
654 2656 695 2680 ea
720 2645 916 2689 explicaret,
943 2654 1032 2688 quae
1057 2644 1175 2677 noster
1202 2642 1238 2676 in
1263 2639 1363 2675 libris
1382 2639 1447 2681 „de
1466 2637 1563 2672 inv.“

151 2710 219 2746 hac
246 2711 287 2745 de
312 2721 350 2745 re
376 2708 575 2753 smipserat.
