1863 3146
703 195 934 234 ,15-

115 316 346 370 par-ationis
384 319 524 356 auten]
565 314 649 354 duo
689 317 788 354 sunt
860 312 1124 365 parationum
1194 313 1335 349 autem
1419 307 1519 347 duo:

117 388 250 430 modi:
298 400 424 440 unus,
467 400 578 437 cum,
618 386 788 426 idemne
861 396 995 424 unum
1012 383 1062 424 de
1082 381 1228 423 eodem
1253 386 1292 421 et
1307 378 1400 432 alio,
1423 380 1523 420 alte-

118 462 172 502 sit
194 474 244 501 an
270 460 431 514 aliquid
452 459 629 511 intersit,
662 470 788 511 quae-
861 470 956 497 rum
990 455 1040 496 de
1072 455 1228 495 maiore
1262 458 1300 494 et
1333 453 1507 493 minore.

121 536 230 574 ritur
261 564 270 573 .
303 564 313 573 .
347 564 356 574 .
391 533 508 585 alter,
541 544 653 584 cum,
687 530 787 584 quid
818 526 819 531 ’

119 609 303 660 praestet
346 605 462 646 aliud
495 605 578 657 alii,
624 605 789 658 quaeri·
820 608 821 655 γ

119 683 191 719 tur
222 709 229 718 .
263 709 270 717 .
305 708 314 718 .
820 660 821 723 i

180 752 324 804 Atque
372 761 444 790 eae
494 749 665 802 quidem
707 748 790 789 dis·
867 750 932 789 85.
956 780 964 789 .
990 780 996 787 .
1024 780 1030 788 .
1053 747 1115 789 De
1139 747 1393 801 cognitionis
1409 757 1531 799 quae-

121 825 390 878 ceptationes,
425 834 535 875 quae
566 821 618 861 ad
652 822 790 875 cogni·
864 820 1076 862 stionibus
1108 820 1328 860 hactenus.

120 896 280 935 tionem
313 894 572 946 referuntur,
612 895 672 934 sic
704 894 790 934 fere

122 982 146 1009 a
169 968 425 1009 doctissimis
454 965 698 1007 hominibus
722 966 791 1006 de—

122 1040 382 1081 scribuntur.
822 1084 823 1090 ¹

123 1113 293 1164 30,]18.
329 1110 446 1159 Quae
478 1123 578 1151 vero
602 1111 792 1152 referun-
868 1112 934 1153 86.
964 1114 1202 1154 Actionis
1225 1113 1412 1166 reliquae
1436 1115 1534 1152 sunt

122 1191 193 1227 tur
230 1185 282 1225 ad
316 1183 596 1238 agendum,
643 1188 716 1224 aut
748 1184 789 1223 in
869 1184 942 1241 [se.
990 1184 1296 1241 quaestiones],
1349 1197 1531 1238 quarum

123 1258 251 1299 officii
285 1257 588 1311 disceptatione
620 1270 791 1298 versan-
821 1286 822 1311 3
868 1259 950 1299 duo
997 1271 1171 1312 genera:
1217 1271 1353 1298 unum
1393 1257 1444 1297 ad
1478 1256 1536 1296 of-

121 1335 191 1371 tur
223 1363 231 1372 .
266 1361 276 1371 .
311 1362 320 1372 .
354 1333 426 1370 aut
471 1331 515 1369 in
551 1331 791 1370 animorum
821 1346 822 1363 2
863 1332 1023 1382 ficium,
1073 1332 1249 1372 alterum
1290 1331 1340 1371 ad
1375 1335 1536 1370 motum

123 1404 266 1457 aliqua
298 1403 559 1456 permotione
598 1407 671 1443 aut
703 1405 792 1457 gig·
866 1404 995 1443 animi
1043 1404 1109 1444 vel
1150 1403 1413 1458 gignendum
1467 1403 1532 1443 ve]

121 1476 263 1517 nenda
310 1479 383 1516 aut
419 1475 605 1516 sedanda
643 1475 793 1516 tolIen-
865 1477 1099 1517 sedandum
1152 1477 1332 1530 planeve
1384 1476 1534 1516 tollen-

124 1549 230 1589 dave
264 1580 271 1588 .
305 1580 314 1589 .
349 1548 385 1587 .“
867 1550 1008 1591 duni.“

260 1620 397 1681 Tertio
444 1618 556 1671 loco,
609 1618 680 1659 ubi
731 1620 874 1662 Cicero
927 1621 1067 1661 fusius
1129 1624 1169 1660 et
1222 1620 1435 1672 copiosius
1485 1620 1534 1661 de

125 1691 449 1747 quaestionibus
496 1692 676 1734 infinitis
726 1695 824 1748 egit,
872 1693 1047 1734 eandem
1096 1692 1367 1745 partitionem
1414 1705 1537 1746 gene-

125 1765 269 1818 ralem,
302 1777 430 1818 quam
464 1777 519 1805 ex
550 1766 615 1817 iis,
650 1778 760 1819 quae
794 1764 1064 1816 antecedunt,
1097 1765 1390 1817 cognovimus,
1423 1765 1539 1805 adhi-

126 1838 230 1890 buit,
276 1836 508 1877 nonnullas
559 1841 701 1878 autem
750 1838 935 1891 partium
984 1839 1199 1878 minorum
1246 1838 1395 1890 partim
1440 1850 1538 1878 con-

124 1910 322 1962 traxisse,
353 1909 503 1962 partim
532 1912 868 1963 praetermisisse
902 1909 1083 1950 videtur.
1145 1909 1226 1950 Sed
1261 1910 1415 1962 optime
1448 1923 1538 1950 mu-

125 1983 308 2023 tationes
355 1981 453 2021 illae
502 1982 911 2035 animadvertentur,
955 1984 991 2022 si
1031 1983 1165 2035 ipsius
1213 1981 1344 2022 verba
1392 1983 1536 2023 eaden]

126 2056 302 2106 ratione,
337 2067 422 2107 qua
455 2057 576 2094 antea
609 2055 678 2095 usi
711 2068 873 2107 sumus,
907 2053 1188 2095 attulerimus.
1251 2053 1430 2108 Scripsit
1461 2056 1538 2108 igi-

126 2132 197 2168 tur
219 2128 271 2168 de
298 2130 404 2181 part.
438 2139 496 2168 or.
524 2126 857 2180 18,6‘2—19,67:
893 2125 1199 2179 „Quamobrem
1228 2127 1346 2179 prius
1374 2127 1423 2167 de
1445 2140 1540 2181 pro-

126 2201 262 2256 posito
296 2200 515 2240 dicamus:
548 2200 672 2240 cuius
703 2211 859 2253 genera
882 2203 983 2239 sunt
1016 2199 1113 2248 duo,
1149 2200 1405 2252 cognitionis
1439 2198 1540 2240 alte-

126 2287 241 2327 rum,
287 2275 381 2314 eius
415 2273 591 2313 scientia
624 2276 687 2313 est
717 2271 817 2311 finis
853 2304 860 2311 .
898 2303 905 2311 .
939 2303 946 2310 .
980 2272 1159 2312 alterum
1193 2272 1390 2323 actionis;
1426 2273 1539 2325 quod

127 2345 308 2387 refertur
329 2346 383 2387 ad
405 2344 676 2385 efficiendum
702 2344 803 2398 quid
825 2377 834 2385 .
862 2377 872 2386 .
905 2376 914 2386 .
940 2342 1109 2384 Rursus
1131 2344 1360 2397 superioris
1382 2356 1539 2397 genera

128 2419 228 2458 sunt
267 2417 366 2457 tria:
417 2418 472 2457 sit
515 2430 648 2458 necne
693 2418 758 2468 sit,
807 2417 911 2470 quid
954 2418 1024 2467 sit,
1073 2417 1199 2470 quale
1236 2417 1301 2456 sit.
1342 2448 1352 2459 .
1385 2449 1395 2459 .
1430 2449 1438 2457 .
1473 2417 1539 2457 63.

127 2489 326 2530 Actionis
351 2493 491 2530 autem
517 2489 600 2530 duo
623 2493 723 2530 sunt
746 2501 919 2542 genera:
941 2502 1076 2529 unum
1112 2489 1164 2529 ad
1195 2488 1538 2542 persequendum

131 2561 296 2614 aliquid
329 2565 403 2601 aut
437 2561 742 2602 declinandum
779 2593 788 2603 .
825 2594 832 2602 .
867 2594 876 2603 .
910 2562 1101 2614 alterum,
1136 2561 1249 2614 quod
1283 2561 1334 2601 ad
1367 2561 1539 2615 aliquod

129 2632 401 2673 commodum
449 2646 665 2687 usumque
711 2634 894 2675 refertur
927 2666 937 2676 .
971 2667 979 2674 .
1012 2666 1018 2674 .
1054 2634 1122 2674 64.
1195 2632 1364 2675 Rursus
1398 2638 1538 2674 autem

129 2717 183 2746 ex
216 2706 468 2759 cognitionis
492 2707 814 2759 consultatione,
848 2706 934 2758 ubi,
969 2708 1022 2747 sit
1044 2719 1178 2748 necne
1212 2707 1265 2747 sit
1297 2710 1371 2747 aut
1402 2706 1530 2747 fuerit
