1863 3146
928 196 1162 251 —604

332 332 478 372 fertur.
541 329 605 371 De
638 330 715 369 hac
747 330 971 382 partitione
1004 328 1207 382 depulsus
1240 332 1333 382 post
1366 330 1410 368 iu
1442 329 1657 381 „oratore‘·'
1679 330 1744 369 iu—

334 404 491 444 dicium
527 415 624 442 cum
655 401 901 442 inventione
934 401 1166 452 coniunxit,
1198 404 1246 440 ut
1277 401 1471 442 videmus
1505 413 1561 442 or.
1591 402 1742 454 14,44:

333 475 464 527 „Nam
514 479 553 515 et
599 475 793 515 invenire
839 477 878 515 et
915 472 1118 525 iudicare,
1156 473 1266 526 'quid
1300 473 1426 527 dicas,
1473 487 1627 527 magna
1673 474 1744 514 illa

333 548 506 600 quidem
551 550 653 587 sunt
697 550 737 588 et
780 551 982 600 tanquam
1023 546 1154 585 animi
1194 546 1329 586 instar
1359 547 1404 586 in
1438 559 1624 600 corpore,
1671 547 1745 587 sed

332 620 502 672 propria
523 621 658 673 magis
681 619 932 673 prudentiae
956 631 1082 671 quam
1101 618 1390 671 eloquentiae3
1407 619 1429 640 “
1452 622 1492 660 et
1510 632 1567 660 or.
1591 619 1657 671 15,
1675 617 1743 659 48;

332 692 570 743 „Iudicium
603 693 734 746 igitur
765 690 981 732 adhibebit
1013 702 1091 730 nec
1122 691 1312 730 inveniet
1334 691 1472 731 solum
1497 691 1600 744 quid
1625 691 1746 743 dicat,

333 764 406 804 sed
439 765 565 804 etiam
600 764 854 820 expendet.“
918 764 971 804 Et
1005 764 1055 803 de
1086 763 1244 803 iudicio
1280 763 1451 816 quidem
1492 762 1746 812 Quintiliani

332 837 588 877 sententiam
620 837 901 877 rectissimam
935 849 1026 877 esse
1059 836 1374 887 existimamus3
1409 836 1479 877 ille
1513 837 1624 876 enin]
1649 837 1747 885 inst.

332 922 388 949 or.
406 909 484 961 ΠΙ,
503 910 540 961 3,
565 908 715 964 5-61)
740 910 924 963 scripsit:
957 909 1063 962 „His
1097 909 1343 949 adiecerunt
1376 908 1549 961 quidam
1583 912 1747 949 sextam

330 984 505 1034 partem,
557 982 627 1032 ita,
675 985 720 1021 ut
768 983 1005 1023 inventioni
1047 981 1254 1022 iudicium
1287 981 1602 1033 subnecterent,
1648 982 1747 1034 quia

331 1054 516 1107 primum
551 1057 662 1095 esset
694 1055 900 1107 invenire,
945 1055 1097 1095 deinde
1129 1053 1330 1094 iudicare.
1408 1053 1498 1107 Ego
1538 1066 1661 1107 porro
1694 1066 1747 1093 ne

331 1127 549 1168 invenisse
589 1127 760 1180 quidem
802 1127 925 1168 credo
959 1140 1072 1179 eum,
1112 1127 1184 1179 qui
1218 1139 1302 1166 non
1334 1126 1562 1166 iudicavit:
1607 1139 1746 1180 neque

331 1201 443 1240 enim
479 1201 700 1251 contraria,
735 1201 992 1251 communia,
1036 1200 1164 1239 stulta
1197 1200 1412 1240 invenisse
1446 1199 1601 1239 dicitur
1633 1200 1747 1252 quis-

332 1286 473 1326 quam,
506 1273 578 1314 sed
611 1286 695 1313 non
731 1274 897 1314 vitasse.
965 1272 1020 1312 Et
1053 1272 1198 1312 Cicero
1233 1272 1402 1327 quidem
1436 1273 1480 1312 in
1512 1271 1747 1313 Rhetoricis

329 1345 539 1386 iudicium
579 1346 759 1386 subiecit
803 1346 1058 1386 inventioni:
1113 1345 1217 1384 mihi
1269 1348 1411 1385 autem
1460 1344 1563 1385 adeo
1611 1345 1747 1386 tribus

331 1419 477 1471 primis
510 1417 700 1472 partibus
724 1418 891 1459 videtur
923 1430 1015 1459 esse
1047 1416 1312 1471 permixtum
1348 1415 1462 1473 [nam
1498 1430 1638 1471 neque
1665 1417 1746 1458 dis-

331 1491 480 1544 positio
515 1492 605 1531 sine
638 1504 686 1532 eo
718 1504 858 1544 neque
891 1490 1071 1532 elocutio
1098 1488 1256 1543 suerit],
1279 1492 1326 1529 ut
1358 1491 1745 1542 pronuntiationem

332 1577 502 1617 quoque
537 1564 602 1605 vel
635 1564 869 1617 plurimum
903 1576 957 1604 ex
989 1576 1036 1603 eo
1071 1563 1257 1602 mutuari
1289 1562 1472 1615 putem.“

472 1636 554 1677 Sed
601 1637 825 1677 redeamus
872 1637 925 1677 ad
978 1635 1258 1687 definitiones,
1308 1648 1414 1688 quas
1461 1635 1642 1688 legimus
1696 1635 1746 1676 de

330 1711 416 1751 inv.
448 1710 479 1763 Ι,
526 1710 563 1762 7,
604 1711 639 1762 9,
683 1709 757 1750 ubi
792 1709 937 1751 Cicero
970 1709 1217 1750 inventione
1263 1708 1471 1761 descripta
1511 1708 1589 1748 hoc
1622 1708 1746 1748 modo

330 1784 486 1837 pergit:
534 1773 791 1836 „Dispositio
839 1786 901 1822 est
948 1793 1092 1821 rerum
1139 1781 1413 1821 inventarum
1460 1782 1504 1820 in
1553 1781 1744 1821 ordinem

331 1855 615 1896 distributio.“
693 1855 852 1896 Eadem
892 1867 989 1908 pars
1029 1853 1393 1894 circumscribitur
1425 1852 1564 1894 verbis
1609 1866 1746 1906 „com-

330 1930 465 1981 posite
499 1928 663 1970 dicere“
699 1929 749 1969 de
782 1941 838 1968 or.
871 1928 904 1980 1,
952 1927 1017 1979 15,
1061 1927 1127 1979 64,
1166 1927 1442 1980 „dispensare
1474 1930 1600 1980 atque
1634 1939 1746 1967 com-

331 2002 511 2054 ponere“
548 2001 597 2041 de
631 2014 690 2042 or.
723 2001 756 2052 Ι,
791 2002 858 2053 31,
895 1999 990 2053 142,
1022 2000 1293 2056 „dispone1·e“
1328 2000 1378 2040 de
1411 2012 1467 2040 or.
1491 1999 1523 2052 Ι,
1557 1998 1626 2051 42,
1665 2000 1740 2039 187

332 2079 372 2114 et
405 2074 455 2114 de
487 2087 547 2114 or.
581 2073 637 2126 Π,
672 2075 737 2126 19,
774 2074 839 2123 79,
875 2073 1131 2126 7‚collocare“
1166 2072 1216 2113 de
1248 2076 1353 2126 part.
1389 2085 1446 2114 or.
1484 2073 1520 2125 1,
1555 2073 1591 2114 3.

471 2147 675 2200 Sequitur
713 2147 762 2187 de
805 2148 891 2188 inv.
925 2146 958 2198 Ι,
995 2147 1031 2197 7,
1066 2146 1089 2185 9
1123 2146 1317 2198 elocutio,
1366 2157 1474 2197 quae
1522 2148 1584 2185 est
1633 2143 1745 2197 „ido-

331 2232 511 2260 neorum
564 2218 790 2260 verborum
844 2217 900 2274 [et
955 2216 1285 2273 sententiarum]
1346 2217 1397 2257 ad
1448 2217 1742 2256 inventionem

331 2292 673 2343 accommodatio,
720 2292 770 2333 de
816 2305 899 2345 qua
933 2294 1078 2332 noster
1109 2303 1183 2332 seu
1232 2292 1402 2342 „ornate
1436 2285 1636 2343 dicere“²)
1668 2300 1743 2329 seu

332 2366 511 2418 „vestire
548 2369 675 2418 atque
715 2361 928 2417 ornare‘·3)
977 2376 1053 2405 seu
1092 2363 1338 2417 simpliciter
1386 2359 1621 2416 ,‚ornare“4)
1668 2373 1743 2401 seu

330 2436 560 2492 „eloqur‘5)
595 2438 712 2478 dixit.

473 2557 505 2600 1)
535 2557 588 2591 ed.
615 2556 761 2590 Meister
800 2556 836 2590 in
866 2553 1112 2598 „Bibliotheca
1138 2555 1350 2599 scriptorum
1383 2563 1587 2598 graecorum
1621 2552 1656 2586 et
1689 2562 1742 2585 ro-

331 2627 514 2651 manorum
541 2617 636 2652 edita
662 2619 810 2652 curante
838 2617 873 2652 C.
901 2615 1088 2651 Schenkl“.
1139 2615 1358 2660 Lips.-Prag.
1392 2615 1494 2650 1886.

472 2677 506 2722 2)
532 2679 573 2712 de
604 2688 653 2713 or.
678 2678 706 2718 1,
737 2682 787 2719 15,
816 2681 869 2714 64.
1286 2678 1324 2720 3)
1353 2676 1394 2709 de
1422 2685 1470 2709 or.
1511 2673 1541 2718 Ι,
1567 2676 1622 2717 31,
1665 2675 1741 2709 142.

470 2739 504 2782 4)
532 2739 574 2773 de
601 2749 649 2773 or.
675 2740 704 2781 Ι,
730 2741 869 2779 42187.
920 2737 968 2782 ΙΙ,
994 2740 1049 2779 19,
1077 2741 1131 2774 79.
1290 2738 1325 2781 5)
1350 2737 1392 2771 de
1420 2737 1507 2780 part.
1535 2745 1584 2769 or.
1613 2737 1678 2777 13.
