1863 3146
903 220 1135 259 —38—

323 351 405 392 que
438 339 482 378 in
515 337 713 390 „topicis“
747 348 894 376 rursus
925 336 970 375 in
1001 338 1085 376 tres
1117 338 1254 390 partes
1288 336 1430 377 divisit
1460 338 1530 390 ita,
1562 341 1609 379 ut
1631 352 1729 380 con-

321 411 569 451 troversiam
614 408 758 461 scripti
792 412 832 448 et
864 407 1110 459 voluntatis,
1162 421 1286 461 quam
1320 410 1363 448 in
1397 411 1611 461 „oratore“
1646 424 1731 452 am-

321 482 449 535 biguo
482 482 627 533 generi
661 480 955 531 subiunxerat‚
988 480 1162 520 tertium
1184 493 1320 534 genus
1343 483 1732 524 controversiarum

320 567 372 595 ex
407 554 558 605 scripto
592 554 809 606 reciperet.

460 625 620 678 Restat,
669 629 716 666 ut
761 626 937 665 Antonii
983 626 1258 673 sententiam,
1306 639 1435 679 quam
1484 627 1633 668 habuit
1680 628 1730 669 de

319 698 512 751 statibus,
562 698 838 752 explicemus.
915 696 957 737 Is
996 698 1122 749 enim,
1169 702 1215 737 ut
1253 699 1336 738 iam
1370 711 1497 751 supra
1531 699 1732 752 diximus,

324 784 460 825 genus
508 771 643 824 legale
689 770 816 810 statui
861 769 1078 823 qualitatis
1127 769 1317 810 attribuit
1351 783 1485 824 eaque
1519 771 1570 811 de
1602 784 1731 813 causa

319 848 543 898 praecepta
592 844 683 884 eius
717 842 872 895 optime
905 842 1074 882 tractari
1107 843 1460 895 existimavimus,
1506 847 1731 897 postquam

317 929 388 957 eos
437 917 560 968 locos,
608 915 682 956 ubi
716 914 860 955 Cicero
910 917 1141 967 utrumque
1189 927 1326 968 genus
1374 919 1414 956 et
1453 916 1658 956 rationale
1691 920 1731 957 et

316 989 452 1042 legale
497 989 695 1040 servavit,
739 987 865 1040 plane
912 985 1189 1028 absolvimus.
1263 986 1344 1027 Sed
1379 988 1555 1028 Antonii
1589 988 1729 1042 verba,

318 1074 427 1114 quae
470 1064 640 1102 exstant
687 1060 738 1101 de
780 1072 839 1099 or.
871 1058 926 1109 II,
961 1060 1027 1111 24,
1062 1059 1144 1099 104
1178 1062 1219 1099 et
1252 1059 1319 1111 26,
1367 1060 1596 1100 ilo—113
1630 1067 1733 1101 sunt

315 1133 438 1174 haec:
501 1135 570 1185 24,
618 1134 710 1173 104.
787 1131 928 1185 „Nihil
976 1136 1038 1172 est
1070 1132 1196 1183 enim,
1248 1132 1361 1185 quod
1394 1132 1504 1172 inter
1536 1133 1730 1174 homines

318 1205 570 1260 ambigatur,
618 1207 707 1247 sive
755 1219 808 1246 ex
847 1205 1026 1244 crimine
1059 1217 1185 1245 causa
1219 1208 1394 1255 constat,
1439 1209 1486 1244 ut
1518 1204 1730 1259 facinoris,

313 1280 402 1320 sive
436 1292 489 1320 ex
523 1278 825 1329 controversia,
857 1280 904 1317 ut
936 1277 1189 1328 hereditatis,
1223 1277 1311 1317 sive
1334 1289 1388 1317 ex
1414 1276 1729 1330 deliberatione,

314 1356 361 1392 ut
400 1351 512 1405 belli,
559 1350 671 1407 [sive
711 1363 764 1390 ex
806 1362 998 1403 persona,
1046 1353 1092 1390 ut
1131 1347 1300 1404 laudis],
1333 1350 1423 1390 sive
1457 1362 1510 1390 ex
1543 1349 1732 1404 disputa-

316 1425 443 1474 tione,
476 1428 521 1465 ut
554 1425 604 1465 de
638 1425 800 1464 ratione
834 1422 1027 1474 vivendi3
1075 1423 1118 1462 in
1154 1436 1239 1476 quo
1273 1435 1370 1472 non,
1404 1425 1476 1462 aut
1509 1423 1612 1475 quid
1646 1423 1730 1464 fac-

312 1501 402 1537 tum
449 1498 501 1538 sit
535 1501 608 1538 aut
639 1496 712 1536 fiat
750 1494 1002 1536 futurumve
1035 1496 1101 1545 sit,
1150 1503 1380 1548 quaeratur
1413 1498 1487 1534 aut
1519 1496 1643 1549 quale
1676 1498 1730 1537 sit

312 1574 386 1610 aut
419 1570 520 1623 quid
554 1574 738 1611 vocetur.
805 1602 812 1608 .
850 1600 857 1607 .
898 1600 906 1608 .
942 1568 1010 1619 26,
1045 1568 1139 1609 110.
1205 1566 1285 1607 Sed
1319 1567 1363 1606 in
1397 1579 1444 1607 eo
1476 1579 1646 1621 genere,
1682 1570 1726 1609 in

314 1655 416 1696 quo,
479 1643 604 1696 quale
667 1643 719 1682 sit
772 1640 894 1694 quid,
968 1640 1218 1693 ambigitur,
1280 1640 1447 1679 exsistit
1499 1641 1623 1680 etiam
1676 1654 1729 1682 ex

311 1716 454 1769 scripti
503 1715 851 1769 interpretatione
904 1725 1029 1766 saepe
1082 1712 1316 1764 contentio,
1375 1712 1420 1751 in
1476 1726 1558 1765 quo
1612 1714 1729 1754 nulla

311 1791 452 1841 potest
520 1801 613 1829 esse
683 1786 767 1826 nisi
842 1797 895 1825 ex
959 1785 1160 1838 ambiguo
1223 1786 1526 1826 controversia.
1619 1785 1729 1827 Nam

313 1861 420 1900 illud
482 1862 642 1914 ipsum,
708 1859 821 1912 quod
884 1859 1089 1912 scriptum
1153 1870 1176 1897 a
1238 1858 1445 1897 sententia
1508 1857 1728 1912 discrepat,

310 1946 446 1985 genus
497 1933 709 1986 quoddam
762 1930 887 1971 habet
934 1930 1139 1983 ambigui3
1191 1962 1200 1971 .
1236 1964 1242 1970 .
1281 1961 1288 1970 .
1323 1943 1377 1970 ex
1415 1932 1727 1985 contrariisque

312 2006 494 2059 scriptis,
541 2007 575 2046 si
625 2005 727 2058 quid
762 2003 1005 2056 ambigitur,
1049 2015 1133 2043 non
1168 2015 1326 2042 novum
1359 2015 1496 2056 genus
1528 2005 1730 2057 nascitur,

311 2079 383 2118 sed
418 2079 649 2132 superioris
683 2078 854 2131 generis
887 2088 1016 2116 causa
1049 2075 1306 2128 duplicatur.
1375 2108 1383 2116 .
1416 2108 1424 2116 .
1459 2107 1466 2116 .
1495 2075 1558 2116 Ita
1589 2076 1648 2126 fit,
1682 2081 1729 2117 ut

309 2161 444 2188 unum
491 2162 628 2202 genus
676 2151 720 2189 in
767 2150 819 2189 iis
853 2148 1013 2198 causis,
1059 2160 1170 2199 quae
1201 2151 1371 2201 propter
1402 2148 1606 2201 scriptum
1639 2163 1726 2190 am-

310 2220 526 2274 biguntur,
571 2222 850 2275 relinquatur,
899 2220 932 2260 si
981 2223 1043 2260 est
1082 2220 1285 2273 scriptum
1317 2220 1478 2273 aliquid
1511 2221 1724 2275 ambigue.

309 2326 316 2333 .
351 2326 359 2335 .
393 2325 402 2334 .
438 2295 535 2334 112.
598 2294 762 2335 lterum
802 2296 941 2333 autem
983 2294 1170 2345 peccant,
1217 2306 1314 2332 cuni
1346 2305 1481 2346 genus
1515 2293 1592 2333 hoc
1625 2306 1724 2334 cau—

308 2378 463 2419 sarum,
512 2368 625 2420 quod
669 2368 713 2407 in
746 2365 891 2419 scripti
922 2365 1266 2417 interpretatione
1299 2368 1504 2417 versatur,
1553 2365 1605 2406 ab
1638 2367 1724 2407 illis

308 2439 458 2491 causis,
503 2439 549 2479 in
598 2439 767 2494 quibus,
816 2437 956 2492 qualis
1005 2449 1203 2490 quaeque
1235 2449 1300 2477 res
1334 2438 1400 2486 sit,
1449 2437 1721 2492 disceptatur,

307 2509 553 2563 seiungunt.
631 2511 857 2565 Nusquam
906 2511 1020 2550 enim
1068 2514 1154 2550 tam
1201 2510 1440 2562 quaeritur,
1496 2511 1619 2564 quale
1667 2513 1722 2553 sit

306 2593 441 2634 genus
485 2583 626 2635 ipsum
673 2585 747 2635 rei,
796 2596 921 2637 quam
957 2584 1001 2623 in
1037 2583 1205 2635 scriptO,
1253 2582 1367 2634 quod
1399 2585 1533 2623 totum
1568 2597 1592 2624 a
1622 2583 1721 2624 facti

307 2657 592 2696 controversia
628 2659 868 2709 separatum
903 2659 976 2696 est.
1052 2656 1144 2695 113.
1207 2653 1270 2694 Ita
1304 2655 1383 2694 tria
1416 2659 1517 2695 sunt
1548 2656 1719 2695 omnino

305 2738 475 2780 genera,
524 2740 631 2780 quae
669 2730 713 2768 in
748 2727 1096 2781 disceptationem
1130 2730 1170 2768 et
1202 2728 1536 2768 controversiam
1569 2728 1719 2768 cadere
