1863 3146
920 202 1209 240 -4-3ῌ.

328 324 509 377 finxit1).
574 322 795 376 Copiosius
828 323 971 360 autem
1006 318 1056 359 de
1088 318 1140 358 iis
1173 329 1259 357 non
1292 315 1534 368 disputavit,
1571 314 1653 354 nisi
1693 313 1747 354 de

327 399 414 438 inV.
450 397 482 448 I,
519 394 795 446 13,18-14‚
822 393 874 432 19
910 396 950 432 et
992 390 1042 431 de
1081 392 1185 443 part.
1219 401 1275 428 or.
1311 385 1616 438 29,102-30,
1651 385 1747 438 106,

334 483 434 511 cum
466 470 509 508 in
543 468 695 508 ceteris
729 465 898 518 scriptis
931 463 1152 504 rhetoricis
1184 461 1252 500 hic
1284 459 1370 498 illie
1402 460 1534 499 unius
1570 461 1754 510 tantum,

329 541 615 590 iudicationis,
662 538 919 578 mentionem
966 533 1134 575 faceret.
1227 531 1310 573 Sed
1356 530 1591 572 referamus
1639 542 1748 583 quae

332 615 381 655 de
414 615 491 654 hae
523 625 567 653 re
601 611 744 652 docuit
774 610 911 663 ipsius
945 605 1103 659 verbis,
1136 605 1304 658 scripsit
1336 603 1489 655 igitur:

331 687 382 727 de
399 687 482 726 inv.
502 685 533 737 l,
554 682 886 737 13‚18-14,19:
912 680 998 732 „Ao
1075 677 1236 732 depart.
1257 676 1391 727 01229,
1406 676 1619 729 102-30,
1636 675 1738 716 104:

331 764 422 799 tum
446 757 708 798 considerato
731 766 887 809 genere
902 765 1001 792 cau-

329 845 399 873 sae
425 866 431 872 .
459 864 466 871 .
493 864 499 870 .
523 831 602 871 erit
624 827 869 878 videndum,
894 836 1002 878 quae

331 905 535 958 quaestio,
583 914 695 955 quae
726 901 845 951 ratio,
894 910 1002 951 quae
1033 928 1036 951 ,

328 977 541 1027 iudicatio,
557 975 670 1028 quod
686 973 1001 1014 firmamentum

329 1061 479 1090 causae
527 1049 599 1101 sit3
645 1059 752 1101 quae
796 1045 936 1085 omnia
981 1035 1035 1083 a¹

327 1122 633 1161 constitutione
681 1115 1036 1179 proficiscantur}

329 1198 503 1247 oportet.
569 1191 812 1241 Quaestio
846 1194 909 1229 est
942 1201 1003 1238 ea,
1035 1188 1036 1242 ᾖ

327 1278 437 1321 quae
471 1278 524 1305 ex
556 1263 824 1304 conflictione
857 1274 1004 1302 causa-

328 1353 424 1380 rum
471 1339 660 1391 gignitur
703 1335 1037 1386 controversia‚2

328 1412 405 1452 hoc
439 1411 580 1451 modo:
629 1408 748 1462 „Non
779 1409 874 1448 iure
906 1406 1005 1447 feoi—
1035 1458 1037 1460 -

330 1485 423 1527 sti.“
499 1483 621 1536 „iure
655 1482 773 1523 feci.“
849 1480 1004 1520 Causa-

328 1571 427 1599 rum
479 1561 619 1597 autem
670 1559 731 1595 est
781 1551 1004 1593 conflictio,
1034 1546 1036 1585 l

331 1633 376 1671 in
427 1643 511 1683 qua
545 1628 795 1669 constitutio
828 1629 1002 1666 constat.
1033 1622 1035 1649 ⁴

329 1702 397 1742 Ex
437 1715 485 1743 ea
519 1703 652 1756 igitur
683 1700 873 1740 nascitur
906 1710 1004 1738 con·
1033 1691 1035 1733 l
1137 1699 1216 1754 „Et
1248 1703 1453 1756 quoniam
1495 1712 1661 1753 semper
1706 1699 1760 1764 is⁷

330 1777 549 1825 troversia,
568 1787 692 1827 quam
713 1772 1004 1826 quaestionem
1034 1756 1035 1798 Ῡ

335 1849 533 1900 dicimus,
567 1848 688 1887 haee:
738 1845 916 1897 „Iurene
947 1843 1005 1884 fe-

331 1924 470 1961 cerit.“

332 1994 519 2034 continet
556 2004 760 2043 eausam,
818 2003 927 2044 quae
971 1991 1007 2030 si

533 1919 684 1959 Ratio
718 1924 781 1958 est
803 1930 864 1970 ea,
897 1930 1005 1971 quae
1036 1928 1037 1951 l

1080 1775 1154 1827 qui
1188 1774 1388 1826 defendit,
1420 1787 1506 1814 non
1532 1772 1668 1814 solum
1689 1783 1757 1821 re-

1079 1847 1198 1887 sistat
1245 1851 1407 1901 oportet
1451 1847 1595 1900 aliquo
1642 1849 1758 1885 certo

1081 1923 1192 1960 statu
1227 1924 1300 1961 aut
1331 1918 1553 1960 infitiando
1587 1921 1660 1958 aut
1691 1917 1759 1957 de-

1081 1992 1268 2033 finiendo
1301 1999 1375 2033 aut
1396 1992 1608 2045 aequitate
1631 2003 1759 2043 oppo-

1083 2065 1234 2118 nenda,
1261 2065 1332 2107 sed
1355 2066 1481 2106 etiam
1507 2064 1755 2103 rationem

1084 2138 1283 2180 subiiciat
1321 2137 1598 2177 recusationis
1643 2148 1760 2188 suae⁷

1038 2217 1041 2224 '
1084 2212 1249 2265 primus
1281 2210 1353 2250 ille
1386 2212 1523 2250 status
1550 2208 1756 2249 rationem

1038 2284 1042 2327 i
1086 2282 1211 2323 habet
1242 2282 1382 2335 iniqui
1409 2281 1599 2321 criminis
1621 2281 1758 2334 ipsam

330 2066 497 2107 sublata
541 2065 605 2116 sit,
650 2063 757 2102 nihil
800 2064 845 2102 in
878 2066 1040 2106 causat

334 2137 645 2181 controversiae
657 2135 948 2188 relinquatur.
965 2167 996 2179 ..
1038 2119 1041 2199 j

474 2425 508 2467 1)
535 2423 656 2457 Status
693 2421 857 2466 minores!
895 2426 934 2458 ut
973 2434 1032 2458 eos
1070 2422 1259 2457 brevitatis
1298 2431 1404 2455 causa
1442 2420 1494 2454 ita
1526 2419 1759 2464 appellemus,

342 2483 508 2527 quamvis
534 2482 723 2517 materiam
750 2494 821 2517 non
857 2485 977 2519 eadem
1011 2484 1147 2518 ratione
1180 2483 1217 2517 in
1250 2492 1382 2526 genera
1421 2481 1651 2520 distribuunt,
1687 2491 1761 2524 qua,

342 2544 471 2588 reliqui
497 2545 622 2585 status,
649 2546 841 2588 propterea
864 2545 901 2579 in
927 2545 993 2580 hac
1027 2545 1140 2589 prima
1168 2545 1271 2588 parte
1305 2544 1510 2583 tractamus,
1544 2541 1625 2586 quia
1659 2552 1757 2585 prae-

337 2609 439 2648 cepta
465 2605 507 2637 de
544 2604 655 2638 officio
688 2606 842 2640 oratoris
872 2617 943 2641 non
977 2608 1051 2641 tam
1086 2607 1130 2641 ad
1163 2616 1203 2640 ea
1234 2604 1425 2648 pertinent,
1459 2613 1549 2647 quae
1580 2602 1618 2635 in
1652 2611 1759 2636 causa

337 2665 589 2700 constituenda
618 2665 660 2699 ab
690 2666 902 2700 adversariis
926 2667 1166 2712 proferuntur,
1192 2675 1298 2710 quam
1325 2665 1370 2698 ad
1395 2664 1509 2708 ipsam
1549 2661 1760 2706 orationem,

337 2736 427 2769 quae
455 2726 497 2759 de
524 2735 629 2759 causa
656 2727 850 2761 constituta
874 2727 1039 2761 habetur.
