1863 3146
906 215 1136 253 —TS—

314 334 416 387 quid
450 335 493 372 in
528 333 813 373 controversia
846 332 1116 384 relinquatur
1149 330 1368 370 ostendit.“
1438 330 1490 370 Et
1522 330 1598 370 hoc
1634 330 1727 383 qui-

313 406 408 446 dem
462 406 545 444 iam
592 403 872 455 Volkmann1)
927 403 1248 450 animadvertit,
1303 403 1338 442 si
1391 414 1490 442 vero
1542 403 1612 442 ille
1664 403 1728 442 vir

315 478 631 517 illustrissimus
678 490 715 529 p.
764 476 842 515 173
892 488 999 517 vers.
1052 475 1163 514 5—ss
1212 474 1430 515 contendit
1482 473 1727 515 Ciceronem

316 562 528 602 nusquam
561 549 894 602 propositionem
936 548 1138 601 attigisse,
1186 547 1323 587 facere
1372 559 1454 587 non
1490 560 1732 601 possumus,

315 623 417 675 quin
452 634 549 662 euni
583 622 737 661 erroris
769 620 1082 661 insimulemus.
1168 619 1276 659 Nam
1319 620 1396 660 etsi
1431 618 1574 660 Cicero
1607 633 1730 660 voca-

316 694 418 734 bulo
472 693 807 748 ,‚propositione“
859 705 1071 745 nusquam
1126 704 1230 732 usus
1282 695 1357 741 est,
1408 695 1548 731 tamen
1601 691 1732 730 huius

316 767 445 819 partis
498 765 694 819 pluribus
740 766 844 805 locis
900 765 1157 805 mentionem
1211 764 1310 804 fecit
1355 776 1534 817 eamque
1595 763 1733 816 planis

314 843 357 879 et
396 839 633 898 perspicuis
667 837 808 878 verbis
859 839 916 877 ita
964 837 1309 890 circumscripsit,
1359 840 1402 877 ut
1445 848 1572 890 prave
1611 835 1734 874 intel-

317 911 470 964 legere,
496 923 604 963 quae
637 911 829 960 senserit,
850 923 935 949 non
967 910 1192 963 possimus.
1256 907 1323 949 Sic
1347 909 1397 949 (le
1420 908 1526 959 0121,
1545 908 1612 957 31,
1641 907 1736 957 143,

318 984 391 1024 ubi
440 983 619 1023 Crassus
675 996 751 1023 sex
796 986 935 1036 partes
988 982 1188 1022 orationis
1240 982 1516 1031 enumeravit,
1566 980 1732 1020 tertiani

317 1069 478 1107 earum,
513 1060 558 1095 ut
591 1068 719 1109 supra
752 1055 952 1105 vidimus,
984 1055 1061 1095 hoc
1098 1055 1221 1094 modo
1254 1054 1528 1107 significavit:
1564 1056 1733 1106 ,postea

319 1129 648 1169 controversiam
682 1128 1046 1168 conststuendanst‘
1081 1126 1152 1183 [sc.
1187 1140 1278 1168 esse
1312 1124 1587 1181 acceperam}
1626 1124 1734 1164 item

319 1202 534 1241 Antonius
575 1201 625 1240 de
658 1213 716 1240 or.
750 1199 804 1249 Π,
841 1201 904 1249 19,
953 1202 1006 1240 80
1058 1213 1111 1240 ex
1151 1200 1295 1240 eadem
1330 1200 1569 1240 occasione:
1619 1201 1736 1251 „post

319 1274 497 1325 autem,“
531 1274 686 1326 inquit,
732 1273 945 1322 „dividere
985 1286 1158 1314 causam
1193 1278 1265 1312 aut
1298 1271 1572 1326 p1⁴oponere;“
1607 1273 1735 1323 atque

318 1346 430 1386 idem
476 1345 598 1394 infra,
649 1346 698 1385 de
733 1358 792 1386 or.
832 1345 888 1397 II,
937 1345 1006 1394 80,
1056 1345 1151 1394 331,
1199 1346 1439 1385 narratione
1485 1346 1735 1397 pertractata

320 1419 450 1458 dixit:
499 1417 742 1470 „Sequitur,
792 1422 839 1458 ut
877 1431 1003 1458 causa
1039 1421 1230 1472 ponatur,
1278 1420 1319 1457 in
1371 1431 1455 1471 quo
1505 1415 1735 1456 videndum

319 1495 395 1536 est,
430 1491 534 1545 quid
566 1492 609 1530 in
645 1492 976 1530 controversiam
1010 1491 1190 1531 veniatfl

461 1564 542 1605 Sed
575 1564 683 1603 illud
724 1567 834 1604 recte
875 1576 897 1603 a
939 1562 1141 1603 Cicerone
1184 1561 1347 1603 factum
1394 1575 1485 1603 esse
1523 1564 1738 1615 putamus,

322 1641 371 1677 ut
422 1634 751 1691 propositionem
806 1641 846 1676 et
898 1636 1164 1689 partitionem
1218 1636 1330 1676 inter
1381 1648 1425 1676 se
1473 1636 1735 1681 conecteret3

321 1723 433 1760 nam,
482 1710 517 1749 si
565 1712 705 1748 orator
752 1721 934 1759 causam,
983 1708 1032 1748 (le
1073 1722 1155 1761 qua
1191 1709 1383 1749 dicturus
1416 1711 1489 1758 est,
1540 1706 1736 1760 proponit

321 1782 450 1822 simul
497 1786 650 1836 partes,
696 1783 739 1821 in
781 1794 886 1834 quas
920 1794 1013 1821 eam
1048 1780 1273 1831 distribuit,
1321 1780 1506 1820 breviter
1538 1781 1734 1832 exponet.

324 1854 443 1903 Quae
487 1854 731 1895 distributio
781 1855 911 1894 altera
960 1856 1023 1893 est
1071 1853 1255 1893 duarum
1304 1853 1500 1906 partium,
1548 1864 1654 1905 quas
1686 1851 1736 1891 de

324 1928 410 1967 inV.
443 1927 476 1978 I,
510 1928 576 1978 2‘2,
611 1928 662 1968 31
707 1927 922 1981 partitioni
955 1925 1146 1977 subiecit,
1192 1938 1273 1977 „ex
1307 1938 1390 1979 qua
1423 1924 1656 1974 conficitur,
1689 1928 1736 1963 ut

323 2003 459 2040 certas
492 2000 632 2040 animo
666 2013 732 2040 res
766 2003 906 2040 teneat
938 1998 1118 2050 auditor,
1163 1998 1319 2051 quibus
1359 1998 1482 2039 dictis
1519 1997 1736 2050 intellegat

324 2072 412 2112 fore
444 2073 723 2125 peroratum.“

465 2143 560 2183 Tria
609 2157 706 2184 vero
760 2144 862 2184 liaec
910 2144 1148 2197 partitionis
1200 2157 1298 2197 pars
1351 2142 1503 2183 habeat
1559 2145 1735 2196 oportet:

325 2217 586 2268 brevitatem,
621 2214 947 2267 absolutionem,
981 2218 1248 2269 paucitatem.
1329 2214 1448 2263 Quae
1493 2214 1638 2255 Cicero
1686 2214 1736 2254 de

325 2290 389 2329 his
421 2289 551 2330 rebus
583 2290 795 2342 praecepit
826 2301 980 2342 magna
1025 2301 1077 2329 ex
1112 2292 1228 2342 parte
1273 2288 1324 2328 de
1371 2289 1459 2329 inv,
1493 2287 1526 2337 I,
1573 2287 1642 2337 23,
1682 2287 1734 2326 33

324 2362 530 2415 repetivit,
562 2361 634 2402 ubi
670 2363 871 2402 universe
905 2362 955 2401 de
988 2362 1212 2415 partitione
1245 2361 1330 2414 egit:
1363 2361 1591 2413 omniaque
1619 2371 1737 2413 prae-

325 2438 459 2488 cepta,
497 2447 606 2487 quae
640 2435 689 2475 ad
723 2447 815 2475 eam
847 2434 1072 2488 pertinent,
1104 2434 1160 2473 ita
1192 2433 1528 2486 comprehendit:
1569 2435 1737 2485 „Atque

327 2507 391 2547 his
425 2507 475 2546 de
507 2504 732 2560 partitione
764 2507 998 2560 praeceptis
1030 2507 1075 2546 in
1109 2506 1226 2546 omni
1265 2505 1447 2545 dictione
1492 2505 1737 2545 meminisse

325 2579 547 2632 oportebit,
579 2584 626 2619 ut
658 2583 699 2620 et
729 2579 865 2632 prima
899 2591 1094 2632 quaeque
1125 2591 1234 2632 pars,
1280 2582 1325 2618 ut
1363 2578 1554 2631 exposita
1593 2580 1656 2618 est
1693 2577 1737 2616 in

474 2740 502 2778 1)
531 2735 748 2770 Volkmann:
789 2735 916 2780 „Rhea
942 2737 975 2773 d.
1001 2735 1061 2774 Gr,
1099 2747 1130 2770 u.
1157 2734 1222 2769 R.“
1248 2734 1299 2778 21).
1328 2736 1406 2772 173.
