1863 3146
717 182 949 223 —23—

128 302 331 356 quitatem
354 300 522 353 generis
544 300 758 341 iudicialis
790 300 917 341 finem
951 312 1042 341 esse
1075 312 1160 340 non
1194 302 1365 354 negaret
1397 311 1537 352 neque

126 387 219 416 eam
253 373 510 415 excluderet.

267 447 320 486 In
365 445 742 486 deliberationibus
776 444 1026 485 Aristoteles
1060 444 1251 485 Ciceroni
1284 443 1534 484 adulescen-

126 519 215 559 tulo
250 531 335 558 non
367 519 578 571 satisfecit,
621 531 720 559 cum
753 517 977 558 utilitatem
1010 530 1157 557 earum
1188 515 1317 556 finem
1352 528 1443 556 esse
1476 515 1537 555 di-

125 594 247 632 ceret.
308 590 460 644 Itaque
493 592 544 631 de
575 592 661 631 inv,
694 589 748 641 ΙΙ,
781 592 818 641 4,
855 590 905 629 12
941 590 1042 630 haec
1074 590 1262 642 scripsit:
1314 621 1333 640 „
1365 620 1372 627 .
1408 620 1416 628 .
1452 620 1459 628 .
1490 589 1536 627 in

125 663 518 717 deliberationibus,
564 667 612 704 ut
657 676 735 704 nos
769 662 1037 713 arbitramur,
1087 661 1189 715 quid
1223 661 1448 701 honestum
1483 661 1537 701 sit

125 739 166 776 et
198 735 300 789 quid
333 737 438 777 utile
473 734 546 792 [sc.
583 733 828 790 quaeritur]
893 734 999 775 Nam
1034 734 1161 775 ceteri
1193 733 1389 774 utilitatis
1412 732 1536 772 modo

122 807 252 849 finem
298 809 342 848 in
386 809 604 849 suadendo
653 812 692 849 et
738 809 780 848 in
825 807 1109 848 dissuadendo
1157 806 1314 859 exponi
1347 808 1536 858 oportere

80 928 84 932 ,
123 880 313 921 arbitrati
332 881 472 923 sunt.“
521 881 625 922 Item
647 881 931 933 „honestatem
951 884 991 921 et
1008 878 1469 931 utilitatem“poposcit
1485 877 1536 917 de

121 953 205 993 inV.
239 951 294 1006 ΙΙ,
334 954 400 1005 51,
437 954 542 1004 156;
594 954 660 1005 52,
696 953 797 1005 1583
848 953 898 992 de
932 965 990 994 or.
1026 951 1082 1004 ΙΙ,
1115 951 1182 1003 82,
1218 951 1319 1001 3353
1354 951 1397 990 in
1431 949 1531 990 reli-

122 1026 218 1079 quis
250 1028 394 1066 autem
425 1024 547 1066 libris
579 1024 837 1077 rhetoricis1)
884 1025 987 1065 nihil
1031 1025 1115 1065 nisi
1147 1023 1374 1064 utilitatem
1408 1034 1534 1075 expe-

120 1098 291 1139 tendam
339 1111 430 1139 esse
464 1099 582 1139 dixit.
661 1097 781 1147 Quod
818 1098 962 1139 Cicero
1002 1097 1252 1137 adulescens
1286 1095 1337 1135 ab
1372 1096 1535 1136 Aristo-

120 1171 201 1212 tele
247 1171 291 1211 in
334 1171 410 1212 hac
458 1183 502 1211 re
548 1171 792 1212 dissentiret
839 1171 1189 1223 honestatemque
1222 1182 1319 1209 cum
1353 1168 1536 1208 utilitate

120 1243 392 1284 coniunctam
436 1244 590 1284 oratori
623 1244 908 1296 quaerendam
943 1256 1033 1284 esse
1067 1242 1245 1291 doceret,
1277 1239 1442 1281 factum
1473 1247 1536 1280 est

121 1329 175 1357 ex
207 1329 268 1368 ec,
303 1316 662 1370 quemadmodum
697 1320 842 1357 nostra
874 1316 953 1356 fert
987 1316 1142 1369 opinio,
1176 1313 1288 1368 quod
1320 1314 1410 1366 ipse
1444 1325 1534 1352 ora-

120 1393 185 1430 tor
217 1402 303 1429 non
336 1402 390 1430 ex
422 1389 638 1429 rhetorum
672 1389 864 1441 officinis,
903 1389 976 1429 sed
1009 1401 1064 1429 ex
1097 1387 1355 1428 Academiae
1389 1386 1535 1439 spatiis

121 1459 332 1515 exstitit.2)
413 1461 517 1502 Cum
559 1466 702 1502 autem
734 1463 778 1501 in
821 1461 939 1502 libris
981 1461 1213 1511 rhetoricis,
1261 1471 1367 1512 quos
1400 1460 1535 1498 aetate

119 1535 203 1575 iam
252 1534 522 1575 corroborata
554 1535 734 1588 scripsit,
778 1534 1002 1574 utilitatem
1038 1534 1161 1574 modo
1195 1532 1398 1572 orationis
1432 1530 1535 1571 deli-

118 1606 332 1648 berativae
363 1606 491 1647 finem
525 1619 617 1648 esse
649 1607 819 1658 diceret,
851 1607 1086 1648 certissime
1118 1604 1227 1645 illud
1258 1607 1354 1644 ante
1388 1602 1534 1643 oculos

116 1679 310 1732 habebat,
343 1680 459 1734 quod
491 1678 719 1720 exhibetur
752 1679 801 1719 de
834 1679 898 1719 off.
932 1678 1009 1730 III,
1043 1680 1082 1730 4,
1116 1677 1190 1717 20:
1232 1709 1252 1730 „
1287 1710 1294 1717 .
1329 1709 1338 1718 .
1376 1709 1382 1716 .
1416 1676 1534 1728 quic-

120 1752 223 1806 quid
256 1752 482 1794 honestum
515 1755 590 1804 est,
637 1752 748 1792 idem
782 1751 885 1792 utile
919 1751 1097 1803 videtur,
1141 1763 1219 1791 nec
1255 1749 1367 1800 utile,
1418 1748 1533 1801 quod

116 1837 203 1865 non
251 1826 479 1866 honestum
514 1857 522 1866 .
557 1859 565 1866 .
602 1826 635 1866 .“
700 1824 896 1865 Officium
946 1828 1087 1864 autem
1136 1823 1312 1863 oratoris
1353 1822 1396 1861 in
1437 1834 1534 1862 sua-

117 1896 255 1938 dendo
303 1901 367 1938 est
413 1901 488 1937 aut
535 1909 651 1950 spem
697 1900 771 1938 aut
817 1897 1204 1938 reformidationem
1257 1894 1532 1935 deliberantis

117 1968 352 2025 excitare&
383 1973 508 2024 prout
539 1969 659 2014 illud,
700 1970 750 2010 de
784 1983 867 2023 quo
901 1969 1154 2022 disputatur,
1196 1970 1284 2022 ipse
1315 1967 1408 2007 fieri
1442 1967 1534 2006 vult

120 2045 194 2082 aut
225 2055 310 2082 non
344 2043 448 2100 vult.

258 2114 308 2155 In
340 2127 496 2169 genere
528 2114 857 2155 demonstrativo
892 2114 1088 2168 denique,
1120 2113 1235 2168 quod
1269 2114 1390 2167 quasi
1412 2114 1533 2153 incu-

115 2186 274 2228 nabula
319 2188 500 2228 oratoris
549 2191 725 2228 vocatur
769 2200 828 2229 or.
879 2188 944 2238 13,
985 2188 1053 2238 42,
1102 2186 1407 2241 explicandum
1455 2189 1534 2235 est,

117 2259 220 2314 quid
268 2258 586 2313 „honestum“4)
640 2261 703 2312 sit,
748 2260 815 2301 vel
857 2259 1155 2316 „honestas⁸‘,5)
1198 2261 1241 2300 in
1290 2270 1424 2312 eoque
1471 2261 1534 2299 est

259 2462 292 2506 1)
318 2462 360 2497 de
386 2473 434 2497 or.
461 2461 491 2504 Ι,
521 2465 576 2504 31,
606 2464 683 2499 141.
709 2463 780 2506 top.
809 2465 864 2504 24,
890 2464 947 2498 91.
998 2464 1040 2497 de
1067 2465 1152 2506 part.
1181 2473 1230 2497 or.
1257 2465 1313 2502 24,
1340 2463 1396 2497 83.

259 2524 293 2565 2)
319 2533 368 2557 or.
395 2526 427 2565 3,
455 2525 509 2559 12.
561 2523 603 2556 de
629 2524 719 2567 part.
745 2533 791 2558 or.
820 2525 876 2564 40,
906 2525 982 2559 139.

258 2583 293 2628 3)
320 2583 362 2617 de
387 2584 481 2627 part.
506 2593 555 2619 or.
581 2590 614 2625 4,
639 2586 694 2619 11.

259 2644 295 2686 4)
322 2644 364 2678 de
388 2643 458 2679 inv.
485 2643 530 2686 II,
557 2646 590 2687 4,
618 2648 672 2682 12.

258 2708 292 2748 5)
322 2705 364 2738 de
389 2705 460 2740 inv.
487 2704 533 2745 Π,
560 2709 616 2744 51,
648 2707 723 2742 156.
773 2707 843 2749 top.
872 2708 927 2747 24,
953 2708 1009 2741 91.
1061 2705 1102 2739 de
1129 2706 1218 2749 part.
1244 2715 1292 2741 or.
1320 2707 1375 2745 21,
1403 2706 1458 2739 71.
