1863 3146
712 219 945 258 -93-.-

123 333 371 387 afferuntur,
418 336 707 389 reprehendet.
771 335 960 376 Maxime
1002 340 1142 376 autem
1190 336 1233 376 in
1268 336 1344 376 hac
1377 337 1532 376 consti-

122 408 288 447 tutione
321 412 547 449 accusator
589 409 752 449 animos
785 420 1044 462 permovere,
1088 408 1285 449 defensor
1317 421 1387 449 eos
1421 410 1532 449 miti-

121 492 220 533 gare
254 479 453 522 studebit.

263 551 457 593 Alteram
521 553 867 594 constitutionem
931 567 953 593 a
1008 553 1208 594 Cicerone
1268 554 1532 595 definitivam

123 624 374 678 appellatam
408 638 499 667 esse
532 625 818 666 recordamur.
880 624 931 664 In
965 638 1013 666 ea
1047 628 1222 667 oratoris
1256 631 1319 667 est
1350 626 1533 667 vocabu-

122 697 209 737 lum
245 701 319 738 aut
351 710 520 750 nomen,
567 699 691 738 cuius
740 698 791 738 de
838 698 877 737 vi
910 697 1150 751 ambigitur,
1199 702 1238 739 et
1277 698 1461 740 breviter
1493 703 1534 739 et

121 772 263 823 aperte
297 770 485 823 definire,
517 771 749 811 adversarii
781 773 923 828 autem
958 771 1284 824 descriptionem
1316 770 1533 811 infirmare

124 847 198 882 aut
229 844 415 896 peiorem
447 843 623 884 reddere
671 856 867 896 eumque,
916 844 990 896 qui
1032 844 1081 883 de
1114 844 1156 883 vi
1191 843 1398 896 vocabuli,
1446 856 1532 883 non

124 914 174 955 de
206 915 298 968 ipsa
329 928 374 956 re
408 916 653 969 disputaret,
698 915 964 956 auditoribus
1002 915 1046 954 in
1081 917 1359 969 suspitionem
1400 916 1531 956 addu-

123 999 228 1028 cere.
291 987 500 1029 Defensor
530 989 631 1028 item
674 988 855 1029 breviter
889 1000 1044 1027 nomen
1079 988 1290 1029 describet
1323 1002 1532 1041 suamque

123 1059 414 1101 definitionem
461 1060 724 1109 confirmare,
774 1060 1005 1100 adversarii
1039 1061 1347 1114 reprehendere
1387 1060 1532 1113 debet,

123 1136 413 1174 accusatorem
461 1136 602 1174 autem
642 1133 732 1173 loco
781 1134 998 1173 communi
1048 1138 1197 1186 arguet
1228 1133 1531 1186 impudentiae,

123 1206 221 1258 quia
254 1218 339 1246 non
389 1206 528 1247 solum
575 1218 676 1256 rem,
724 1206 797 1246 sed
845 1206 968 1246 etiam
1004 1205 1257 1246 vocabulum
1308 1207 1349 1246 in
1400 1219 1531 1246 suum

121 1278 404 1330 commodum,
450 1279 510 1319 rei
544 1283 683 1318 autem
718 1278 1034 1318 incommodum
1075 1282 1320 1319 convertere
1353 1276 1530 1332 vellet.¹)

126 1349 258 1391 Locos
291 1354 431 1391 autem
481 1351 523 1390 in
559 1351 635 1390 hac
668 1351 969 1391 constitutione
1002 1350 1145 1391 Cicero
1193 1355 1275 1404 top.
1319 1351 1443 1403 23,88
1477 1363 1532 1390 ex

121 1423 494 1476 consequentibus,
530 1422 891 1475 antecedentibus,
929 1423 1142 1464 adiunctis
1175 1423 1406 1464 sumendos
1441 1435 1532 1464 esse

122 1496 277 1537 docuit.

260 1567 367 1608 Tum
400 1568 450 1608 de
482 1569 568 1609 inv.
602 1567 634 1618 l,
671 1568 765 1620 9,12
799 1569 1046 1609 constitutio
1077 1569 1287 1622 generalis
1310 1568 1532 1621 profertur,

122 1641 172 1681 de
204 1641 291 1681 inv.
322 1640 380 1692 II,
413 1640 724 1693 19,57—·20,61
760 1644 902 1681 autem
938 1640 1080 1681 Cicero
1129 1641 1257 1694 prius,
1306 1653 1432 1693 quam
1478 1640 1530 1680 ad

120 1726 210 1754 eam
245 1714 425 1766 transiit,
456 1714 776 1754 translationem
811 1713 999 1766 absolvit,
1045 1725 1154 1766 quae
1200 1725 1370 1766 perraro
1419 1713 1530 1766 apud

118 1786 334 1827 Romanos
381 1786 568 1826 incidere
617 1785 788 1837 solebat,
836 1788 946 1827 sicut
977 1786 1004 1827 l.
1039 1799 1073 1828 ο.
1107 1786 1348 1826 accuratius
1396 1785 1530 1840 expli-

120 1863 263 1900 catum
295 1863 371 1900 est.
434 1859 634 1898 Attamen
667 1861 707 1898 et
738 1862 956 1899 accusator
990 1862 1030 1899 et
1063 1858 1259 1899 defensor
1289 1859 1332 1898 in
1376 1870 1424 1898 ea
1457 1870 1530 1898 ex-

119 1932 284 1985 plorare
316 1930 483 1982 debent,
516 1944 565 1983 „a
599 1943 684 1983 quo
718 1933 759 1971 et
790 1944 864 1985 per
897 1944 1003 1985 quos
1036 1934 1076 1972 et
1109 1931 1319 1984 quomodo
1361 1933 1401 1970 et
1446 1943 1529 1984 quo

119 2009 307 2057 tempore
340 2007 415 2043 aut
446 2005 513 2056 agi
547 2006 621 2043 aut
651 2003 832 2043 iudicari
871 2007 942 2044 aut
982 2004 1084 2058 quid
1132 2004 1259 2044 statui
1307 2003 1357 2043 de
1405 2015 1453 2043 ea
1484 2016 1530 2044 re

119 2076 386 2117 conveniat.“
450 2074 591 2116 Etiam
624 2075 705 2116 loci
737 2087 985 2117 communes
1018 2075 1292 2128 adhibentur3
1325 2089 1424 2116 nam
1458 2080 1532 2116 aut

118 2149 168 2201 is,
209 2149 282 2202 qui
320 2149 526 2189 actionem
565 2148 816 2188 commutari
854 2148 958 2201 vult,
994 2149 1205 2189 iudicium
1243 2151 1432 2188 metuere
1470 2148 1530 2187 di-

118 2221 240 2274 citur,
276 2221 376 2274 quia
407 2221 561 2262 malam
592 2234 680 2262 rem
717 2220 925 2274 defendat,
967 2225 1040 2262 aut
1072 2222 1121 2274 ei,
1156 2222 1231 2275 qui
1263 2220 1530 2261 translationi

118 2294 292 2344 resistit,
323 2294 551 2348 opponitur
583 2294 724 2334 omnia
762 2293 1016 2348 perturbari,
1058 2295 1138 2334 nisi
1175 2306 1242 2334 res
1280 2305 1329 2333 ea
1367 2293 1530 2333 ratione

118 2370 279 2420 agatur,
312 2380 396 2420 qua
428 2371 626 2420 oporteat.

258 2437 464 2493 Sequitur
515 2439 761 2480 constitutio
814 2438 1252 2494 generalis,‘²)‚quae‚
1307 2442 1354 2478 ut
1403 2450 1530 2491 supra

122 2510 317 2562 vidimus,
347 2511 392 2551 in
423 2512 528 2552 duas
561 2515 699 2566 partes
732 2511 958 2553 distributa
991 2517 1064 2552 est.
1133 2510 1195 2551 De
1235 2512 1381 2564 prima,
1420 2522 1530 2563 quae

121 2586 184 2622 est
214 2583 450 2636 negotialis,
481 2585 720 2638 disputatur
752 2585 802 2626 de
834 2586 920 2626 inV.
953 2584 1007 2637 II,
1042 2582 1373 2636 21,62-2·2‚68.
1438 2581 1530 2630 Qua

262 2674 296 2718 1)
322 2676 364 2708 de
389 2676 462 2710 inv,
486 2676 532 2717 Π,
563 2680 828 2719 17,ὁ2-18,56,
856 2678 899 2712 de
925 2680 1013 2722 part.
1043 2688 1090 2712 or.
1119 2677 1376 2718 36,123—1·28.

261 2734 294 2777 2)
322 2735 364 2769 de
387 2735 459 2770 inv.
486 2736 514 2777 Ι,
539 2738 630 2780 9‚12.
681 2738 726 2780 H,
752 2743 870 2782 21‚62.
