1863 3146
145 308 467 361 quaestionibus
514 309 693 350 infinitis
740 312 952 365 copiosius
999 315 1192 366 agentem
1226 318 1352 367 atque
1386 329 1556 358 accura-

143 381 231 422 tius
263 382 589 435 praecipientem
621 383 733 434 fecit,
766 387 806 424 et
837 384 927 437 ipse
954 396 1024 426 eas
1059 398 1142 425 non
1176 387 1267 427 sine
1299 389 1431 430 multa
1464 378 1556 430 dili—

142 454 286 507 gentia
319 453 484 495 duobus
518 455 621 496 locis
655 457 861 497 tractavit.

285 526 408 569 Nunc
451 540 546 569 vero
578 529 762 581 primum
795 529 950 570 referre
983 529 1195 582 volumus,
1243 532 1344 584 quid
1379 532 1555 576 Crassus

143 599 194 640 de
241 612 298 641 or.
344 600 422 652 III,
456 601 829 653 29,111—30,118
868 601 918 642 de
958 604 1257 655 quaestionum
1289 604 1555 647 infinitarum

142 673 370 725 partitione
415 674 618 725 docuerit,
658 673 914 726 quibuscum
948 675 1086 715 statim
1119 675 1400 728 conferantur,
1446 691 1554 732 quae

143 743 288 785 Cicero
321 748 403 800 top.
440 746 755 798 21‚81—22,86
791 747 841 787 de
874 747 1019 787 eadem
1052 760 1096 788 re
1118 749 1339 802 praecepit,
1371 750 1414 789 id
1441 751 1554 804 quod

142 822 362 871 propterea
396 819 603 872 optimum
637 831 729 860 esse
768 822 984 872 putamus,
1018 820 1115 873 quia
1147 821 1316 873 partitio
1350 822 1414 863 his
1447 823 1552 863 locis

140 889 265 942 plane
297 891 442 932 eadem
476 896 551 932 est.
603 891 679 932 Est
704 892 834 945 igitur
866 892 1091 945 explicatio
1124 893 1244 933 haec:

141 961 193 1002 de
221 974 278 1002 or.
307 963 386 1016 III,
416 964 809 1016 29‚111—30,118:

141 1033 318 1087 29,111:
365 1035 540 1089 „Omnis
578 1038 710 1090 igitur
742 1049 809 1077 res

140 1108 320 1149 eandem
348 1109 475 1150 habet
503 1112 697 1149 naturam
723 1122 809 1149 am-
839 1126 840 1136 ¹

140 1180 331 1235 bigendi,
369 1182 420 1223 de
459 1196 544 1237 qua
583 1184 730 1236 quaeri
769 1187 809 1223 et

139 1254 363 1308 disceptari
384 1258 532 1309 potest,
563 1256 653 1295 sive
676 1256 719 1295 in
742 1256 807 1295 in-

136 1326 270 1368 finitis
317 1327 698 1369 consultationibus
752 1327 808 1367 di-

135 1403 350 1454 sceptatur
381 1403 472 1441 sive
504 1401 547 1440 in
571 1401 631 1441 eis
654 1400 808 1451 causis,

136 1486 245 1527 quae
288 1474 332 1513 in
374 1474 543 1514 civitate
590 1476 630 1513 et
669 1473 713 1512 in
746 1472 806 1512 fo-

133 1546 249 1587 rensi
288 1546 592 1600 disceptatione
632 1558 802 1586 versan-

132 1621 224 1671 tur3
274 1631 412 1673 neque
452 1623 514 1660 est
547 1617 646 1671 ulla,
695 1605 835 1671 quae*

132 1704 217 1732 non
256 1695 331 1733 aut
368 1693 419 1733 ad
459 1692 802 1746 cognoscendi

132 1768 205 1806 aut
253 1765 304 1806 ad
337 1766 531 1819 agendi
564 1766 646 1806 vim
682 1766 802 1805 ratio·

128 1850 313 1892 nemque
325 1838 549 1879 referatur.
576 1839 668 1877 112.
692 1837 801 1878 Nam
832 1878 833 1882 ,

129 1915 203 1952 aut
239 1912 331 1965 ipsa
363 1911 547 1964 cognitio
579 1912 640 1951 rei
672 1912 802 1951 scien·
831 1899 832 1918 ³

129 1985 276 2038 tiaque
308 1983 569 2037 perquiritur
603 2015 610 2023 .
643 2015 650 2022 .
686 2015 694 2024 .
729 1987 802 2024 aut

129 2057 283 2111 agendi
330 2056 558 2097 consilium
607 2057 801 2109 exquiri-

127 2134 320 2170 tur...

130 2348 225 2389 113.
282 2347 609 2403 Cognitionis
654 2350 794 2387 autem

126 2423 213 2462 tres
245 2421 370 2474 modi,
409 2421 664 2472 coniectura,
697 2419 797 2460 defi—

125 2494 242 2547 nitio,
275 2496 328 2546 et,
360 2497 406 2534 ut
436 2495 495 2534 ita
518 2494 665 2545 dicam,
699 2505 796 2532 con-

126 2567 298 2608 secutio.

371 2565 482 2606 Nam
529 2566 633 2620 quid
671 2566 717 2606 in
750 2579 794 2606 re
825 2604 835 2621 Ἴ,

125 2640 179 2681 sit
210 2639 454 2680 coniectura
488 2638 793 2691 quaeritur...
824 2626 826 2698 ,3

125 2710 262 2760 Quam
303 2715 442 2752 autem
484 2711 564 2751 vim
600 2703 825 2764 quaequel

991 968 1074 1017 top.
1110 963 1447 1019 21,81—22,Sss:

882 1547 1021 1599 21,sl.
1064 1548 1377 1597 Quaestionum
1396 1553 1554 1602 autem,

879 1633 1149 1674 quacumque
1170 1621 1220 1661 de
1253 1634 1297 1662 re
1319 1626 1430 1670 sunt,
1467 1623 1549 1662 duo

879 1691 1011 1748 [sunt]
1031 1706 1202 1747 genera:
1222 1707 1356 1734 unum
1380 1708 1504 1748 cogn
1516 1696 1548 1735 i-

832 1765 834 1781 ³
876 1767 1056 1816 tionis,
1099 1767 1279 1806 alterum
1312 1768 1547 1808 actionis.

879 1839 945 1879 82.
1003 1837 1265 1892 Cognitionis
1317 1843 1420 1880 sunt
1464 1852 1548 1894 eae,

878 1925 1062 1965 quarum
1095 1915 1157 1952 est
1177 1911 1273 1952 finis
1292 1912 1465 1952 scientia
1484 1945 1492 1952 .
1510 1945 1516 1952 .
1536 1946 1544 1954 .

875 2055 1069 2096 Actionis
1117 2059 1258 2096 autem
1299 2057 1546 2098 huiusmodi

875 2128 1071 2182 exempla
1093 2132 1209 2169 sunt:
1245 2127 1361 2169 Sitne
1382 2131 1545 2183 sapien-

829 2209 830 2215 *
873 2201 926 2240 tis
965 2201 1016 2241 ad
1058 2214 1147 2242 rem
1180 2201 1395 2255 publicam
1429 2215 1544 2245 acce-

874 2274 985 2315 dere.

873 2344 1191 2400 Cognitionis
1275 2348 1542 2400 quaestiones

872 2420 1102 2473 tripertitae
1149 2421 1265 2459 sunt:
1318 2423 1390 2460 aut
1423 2421 1542 2474 sitne,

870 2495 942 2532 aut
975 2493 1075 2545 quid
1109 2493 1173 2543 sit,
1214 2495 1284 2531 aut
1317 2492 1442 2545 quale
1475 2496 1540 2547 sit,

870 2566 1099 2618 quaeritur.
1161 2564 1328 2604 Horum
1353 2566 1538 2618 primum

868 2638 1121 2689 coniectura,
1166 2638 1402 2679 secundum
1435 2639 1536 2679 defi-

868 2712 1039 2764 nitione,
1072 2711 1242 2751 tertium
1274 2711 1380 2751 iuris
1410 2714 1449 2752 et
1471 2712 1535 2751 in-
