1863 3146
824 194 844 202 .,

110 308 354 350 definitione
402 309 602 350 universa
653 310 717 350 vis
770 310 1024 363 explicanda
1071 315 1146 352 est.
1209 343 1247 353 ..
1299 310 1394 353 165.
1443 310 1519 351 Sin

106 394 204 435 pars
235 381 459 435 partitione
501 414 510 423 .
531 414 568 422 ..
616 381 659 422 Si
692 395 745 423 ex
778 382 999 431 vocabum,
1033 386 1080 423 ut
1113 382 1265 423 Carbo:
1301 384 1336 424 si
1369 384 1520 423 consul

108 458 183 505 est,
236 453 312 506 qui
361 453 545 494 consulit
597 455 767 508 patriae,
819 454 920 508 quid
975 454 1090 495 aliud
1143 455 1240 496 fecit
1293 454 1518 509 Opimius?

111 525 206 567 166.
271 525 344 566 Sin
384 525 434 566 ab
475 539 534 578 eo,
584 527 697 579 quod
737 539 824 567 rem
858 527 1038 579 attingit,
1084 529 1229 581 plures
1263 532 1363 568 sunt
1396 541 1521 582 argu-

108 602 348 638 mentorum
386 598 506 639 sedes
539 611 587 638 ae
617 597 713 641 1001.
789 598 897 639 Nam
930 602 971 638 et
1003 600 1230 639 coniuncta
1263 612 1520 653 quaeremus

107 676 148 711 et
178 683 333 724 genera
372 676 413 710 et
453 675 596 724 partes
633 671 861 724 generibus
902 670 1114 712 subiectas
1147 675 1187 712 et
1219 673 1521 713 similitudines

109 747 150 784 et
181 742 547 784 dissimilitudines
587 748 627 783 et
659 744 870 783 contraria
918 747 958 783 et
997 745 1299 797 consequentia
1337 749 1376 785 et
1424 758 1522 784 con—

109 819 309 856 sentanea
343 819 383 856 et
416 816 537 868 quasi
565 817 881 869 praecurrentia
912 820 954 856 'et
985 817 1266 870 repugnantia
1298 820 1339 857 et
1371 829 1521 857 causas

109 901 252 929 rerum
286 887 594 942 vestigabimus
628 892 667 928 et
698 901 758 941 ea,
806 902 914 942 quae
957 901 1010 929 ex
1053 890 1191 930 causis
1225 893 1315 929 orta
1347 890 1442 940 sint,
1481 892 1522 929 et

109 961 280 1012 maiora,
312 961 443 1013 paria,
475 961 641 1000 minora
676 960 1005 1015 quaeremuS.“¹)

251 1031 445 1072 Eandem
476 1033 744 1086 partitionem
777 1033 978 1086 locorum,
997 1035 1070 1086 qui
1102 1035 1145 1073 in
1179 1047 1223 1075 re
1255 1035 1379 1088 positi
1411 1038 1522 1085 sunt,

108 1105 258 1146 iisdem
291 1117 416 1158 saepe
438 1105 580 1146 verbis
603 1117 849 1158 expressam
872 1106 1107 1158 reperimus
1134 1111 1214 1159 top.
1235 1108 1271 1158 2,
1296 1108 1421 1159 8—4,
1445 1106 1519 1157 233

109 1178 149 1229 4,
167 1178 351 1228 25—18,
372 1177 444 1228 713
496 1178 569 1230 qui
603 1190 702 1218 vero
735 1178 1003 1218 extrinsecus
1038 1183 1274 1219 sumuntur
1312 1179 1405 1231 loci,
1452 1192 1522 1219 eos

110 1255 194 1304 top.
229 1251 266 1302 4,
305 1250 361 1290 24
393 1253 434 1290 et
469 1251 534 1302 19,
571 1250 743 1289 72-78
790 1263 843 1290 ex
890 1251 1140 1291 auctoritate
1181 1252 1521 1292 testimoniorum

110 1323 271 1375 eduxit,
305 1336 433 1376 quam
467 1326 541 1363 aut
572 1327 724 1363 natura
756 1328 828 1363 aut
859 1327 1026 1376 tempus
1060 1323 1240 1365 afferret.

251 1394 358 1436 Item
393 1408 442 1436 ea
476 1408 662 1449 quoque,
698 1408 807 1447 quae
832 1394 976 1436 Cicero
1011 1396 1061 1436 de
1093 1401 1197 1450 part.
1217 1410 1275 1437 or.
1299 1394 1520 1448 2,6-‘2‚7

112 1467 164 1508 de
196 1468 274 1508 hac
310 1480 355 1508 re
389 1467 545 1519 docuit,
584 1481 679 1508 oum
719 1469 893 1507 Antonii
931 1470 1164 1522 praeceptis
1203 1470 1387 1509 maxime
1426 1480 1524 1508 con-

113 1540 320 1594 sentiunt3
366 1541 454 1581 illie
505 1542 617 1582 enim
657 1545 906 1593 argumenta
950 1542 1066 1592 „sine
1105 1542 1214 1582 arte“
1254 1542 1525 1582 extrinsecus

109 1616 338 1666 assumpta,
373 1626 483 1667 quae
518 1618 679 1654 remota
712 1613 952 1667 appellavit,
994 1627 1079 1654 non
1119 1615 1264 1655 multis
1303 1612 1521 1665 exemplis,

109 1685 184 1726 sed
215 1686 441 1739 partitione
473 1689 642 1726 tantum
674 1686 1018 1726 testimoniorum
1050 1686 1289 1738 illustravit,
1316 1688 1442 1738 atque
1466 1696 1525 1736 ea,

112 1770 221 1811 quae
253 1763 405 1798 natura
436 1758 565 1800 rebus
598 1760 701 1812 ipsis
732 1757 867 1798 infixa
898 1763 1010 1810 sunt,
1059 1760 1137 1799 etsi
1184 1758 1234 1799 ab
1277 1771 1325 1798 eo
1363 1770 1448 1797 non
1482 1757 1523 1796 in

111 1834 311 1883 quattuor
359 1843 516 1884 genera
565 1832 827 1880 dividuntur,
876 1832 985 1871 siout
1037 1831 1088 1871 ab
1139 1831 1334 1882 Antonio,
1384 1834 1526 1869 tamen

110 1903 225 1944 haud
257 1904 500 1958 discrepant
531 1903 582 1943 ab
621 1904 685 1955 iis,
736 1916 844 1957 quae
892 1903 1016 1943 modo
1064 1916 1118 1944 ex
1159 1903 1209 1943 de
1262 1916 1320 1944 or.
1354 1901 1409 1951 Π,
1460 1902 1525 1953 39,

114 1975 331 2028 163—40,
351 1977 434 2016 173
469 1977 761 2030 cognovimus.

251 2047 398 2090 Restat
430 2062 542 2090 unus
574 2049 710 2101 loeus,
750 2048 820 2089 ubi
853 2048 903 2088 de
934 2046 1039 2089 locis
1061 2046 1332 2088 inveniendis
1370 2047 1524 2099 agitur:

114 2120 167 2162 de
197 2125 305 2175 part.
338 2135 396 2164 or.
434 2123 470 2174 9,
504 2121 689 2171 33-12,
730 2122 805 2173 433
850 2121 922 2161 sed
955 2121 992 2160 is
1026 2120 1207 2160 multum
1241 2118 1291 2159 ab
1325 2119 1390 2169 iis,
1424 2131 1529 2171 quos

113 2193 251 2234 adhue
297 2195 530 2247 attulimus,
569 2194 772 2234 dissidere
806 2193 984 2244 videtur,
1019 2194 1118 2246 quia
1148 2193 1262 2232 locos
1295 2203 1378 2231 non
1412 2203 1530 2244 „per-

114 2267 247 2307 mixte
295 2272 334 2308 et
365 2264 601 2319 confuse“,²
641 2266 714 2307 sed
748 2266 1101 2306 constitutionum
1134 2264 1281 2304 ordine
1315 2264 1530 2317 expositos

256 2410 289 2455 1)
316 2409 379 2447 cfr.
406 2411 449 2444 de
473 2410 546 2444 inV.
572 2409 617 2450 ΙΙ,
647 2413 699 2453 12,
724 2409 874 2445 38—42.

254 2469 288 2516 2)
317 2471 360 2505 de
399 2471 470 2505 inV.
510 2471 539 2514 I,
578 2474 635 2512 24,
664 2473 726 2511 343
765 2472 821 2510 30,
849 2472 913 2509 493
953 2468 998 2514 ΙΙ,
1025 2471 1057 2510 3,
1085 2471 1140 2504 11.
1190 2466 1288 2502 Sicut
1311 2465 1530 2500 enumeratio

111 2536 283 2575 locorum,
322 2541 391 2575 qua
416 2531 537 2566 Cicero
575 2532 611 2564 in
650 2531 762 2574 primo
800 2529 973 2564 Jibrorum
1011 2530 1075 2574 „de
1101 2528 1325 2562 inventione“
1350 2537 1436 2561 usus
1461 2528 1530 2569 est,

113 2589 158 2624 ab
184 2600 225 2624 eo
253 2592 453 2635 „permixta
479 2594 513 2626 et
537 2591 704 2626 confusa“
732 2590 908 2634 appellata
936 2591 998 2631 est,
1024 2590 1076 2624 ita
1101 2589 1143 2623 de
1170 2599 1211 2623 ea
1229 2598 1366 2632 quoque
1382 2586 1529 2627 ratione,

115 2661 222 2695 quam
259 2652 296 2686 in
335 2652 494 2688 locorum
522 2652 755 2696 explicatione
782 2652 897 2685 adhuc
924 2662 964 2685 ex
992 2650 1139 2694 reliquis
1165 2649 1264 2683 libris
1292 2647 1530 2692 cognovimus,

114 2711 211 2746 haud
238 2712 317 2747 aliis
342 2713 459 2748 verbis
484 2713 632 2747 iudicari
659 2714 804 2756 oportet.
