1863 3146
914 188 1059 226 —24
1093 211 1146 216 --

330 308 508 348 oratoris
541 318 698 357 eorum,
732 303 844 358 apud
878 317 984 357 quos
1018 304 1129 355 dicit,
1169 303 1321 344 animis
1355 305 1395 343 et
1426 303 1643 344 mentibus
1676 303 1741 344 de·

327 380 593 420 lectationem
627 375 819 430 afferre.¹)

878 493 941 543 De
979 491 1196 543 statibus¹

466 578 674 618 Venimus
715 590 829 617 nunc
877 575 929 616 ad
961 582 1111 628 partes,
1157 577 1201 616 in
1236 589 1339 629 quas
1373 575 1516 617 Cicero
1549 576 1628 616 tria
1659 575 1732 616 illa

324 663 491 704 genera,
540 662 650 703 quae
699 650 899 702 qualitate
945 648 1146 688 orationis
1193 649 1416 700 exsistunt,
1459 648 1639 701 partitus
1671 650 1733 687 est

326 735 520 775 quasque
554 722 724 762 nomine
758 724 947 762 statuum
982 719 1220 773 significare
1248 721 1445 761 solemus.

467 793 547 834 Sed
582 794 831 847 priusquam
865 793 915 834 de
948 793 1050 846 ipsis
1084 793 1263 834 statibus
1298 793 1503 845 dicamus,
1550 792 1600 833 de
1632 792 1738 845 loco,

328 879 410 918 quo
444 866 600 919 optime
632 866 935 919 aptissimeque
968 865 1018 905 de
1050 865 1102 905 iis
1135 868 1296 918 agatur,
1330 864 1634 917 disputandum
1667 867 1739 905 est.

327 937 471 978 Cicero
504 939 549 978 in
581 939 716 991 primo
747 938 957 978 librorum
986 938 1059 990 „de
1081 937 1350 977 inventione<‘
1374 937 1424 977 de
1448 937 1500 977 iis
1527 937 1745 989 disseruit,
1779 933 1782 937 ’

325 1014 552 1064 postquam
583 1014 723 1064 partes
757 1010 882 1051 officii
915 1011 1098 1062 oratorii,
1130 1010 1172 1049 id
1207 1012 1286 1050 est:
1320 1009 1624 1061 inventionem,
1657 1008 1740 1049 dis-

327 1083 599 1137 positionem,
662 1084 964 1133 elocutionem,
1030 1082 1297 1134 memoriam,
1347 1082 1740 1135 pronuntiationem

328 1155 595 1195 enumeravit
642 1159 681 1196 et
728 1155 920 1196 definivit
955 1153 1022 1209 [de
1054 1155 1140 1193 inv.
1174 1153 1205 1205 I,
1239 1155 1277 1205 8,
1312 1154 1494 1207 10—14,
1530 1153 1615 1210 19].
1679 1155 1742 1195 De

328 1240 384 1267 or.
416 1227 448 1280 Ι,
483 1228 552 1277 31,
588 1227 669 1268 139
703 1240 801 1267 vero
836 1227 1012 1268 Crassus
1045 1239 1115 1267 eos
1150 1226 1470 1279 quaestionibus
1501 1227 1682 1267 infinitis
1704 1230 1743 1267 et

326 1299 473 1352 finitis,
521 1313 617 1340 cum
664 1304 803 1353 partes
836 1301 1063 1353 utriusque
1097 1312 1187 1340 esse
1220 1311 1291 1339 eos
1336 1298 1623 1353 arbitraretur,
1670 1299 1739 1339 ad-

334 1373 469 1413 nexit.
532 1373 640 1414 Item
675 1374 891 1413 Antonius
941 1373 991 1412 de
1040 1385 1098 1413 or.
1134 1371 1189 1423 Il,
1223 1372 1291 1424 24,
1325 1372 1409 1411 104
1443 1384 1513 1412 eos
1544 1372 1740 1412 tractavit

328 1446 579 1498 priusquam
625 1446 677 1486 ad
724 1446 903 1499 primam
946 1448 1105 1497 partem
1149 1443 1275 1484 officii
1320 1446 1503 1497 oratorii,
1549 1445 1574 1484 i.
1614 1457 1647 1485 e.
1690 1444 1743 1484 ad

329 1519 620 1558 inventionem
652 1518 857 1572 pervenit.
921 1515 973 1556 In
1005 1517 1127 1557 tertio
1156 1520 1296 1557 autem
1321 1517 1451 1557 huius
1474 1518 1610 1571 operis
1631 1515 1741 1557 libro

331 1588 424 1645 [HL
461 1591 526 1643 19,
561 1589 630 1646 70]
667 1590 844 1631 Crassus
884 1602 955 1631 eos
989 1589 1228 1630 accuratius
1260 1603 1345 1630 non
1379 1589 1618 1643 explicavit,
1668 1588 1741 1629 sed

330 1662 480 1703 leviter
529 1667 694 1704 tantum
729 1668 769 1704 et
802 1663 921 1716 quasi
957 1663 1000 1702 in
1033 1666 1294 1715 transcursu,
1343 1675 1439 1702 cum
1473 1662 1524 1702 de
1556 1661 1742 1715 philoso-

329 1736 427 1788 phia
462 1736 632 1788 diceret,
680 1749 826 1776 earum
861 1736 1119 1776 mentionem
1152 1734 1258 1774 fecit.
1337 1734 1429 1782 Quo
1474 1735 1565 1774 loco
1598 1738 1740 1774 autem

328 1809 373 1847 in
407 1810 621 1860 „oratore“
656 1809 706 1849 de
739 1808 922 1849 statibus
956 1807 1246 1860 disputaverit,
1290 1807 1397 1847 nihil
1429 1808 1588 1859 attinet,
1637 1819 1739 1860 quo-

331 1882 461 1933 niam,
503 1886 550 1922 ut
582 1883 672 1935 ipse
704 1880 903 1934 pluribus
935 1877 1077 1933 100152)
1109 1879 1227 1932 dixit,
1264 1881 1307 1919 in
1355 1881 1435 1920 hoc
1469 1880 1624 1932 scripto
1658 1891 1744 1918 non

330 1958 553 2006 praecepta
595 1953 708 2005 dare,
748 1953 820 1993 sed
860 1953 982 2006 quasi
1023 1953 1252 2006 imaginem
1286 1953 1461 1993 oratoris
1492 1952 1617 2006 plane
1647 1963 1739 2004 per-

333 2025 435 2065 fecti
481 2038 669 2080 vereque
703 2026 940 2079 eloquentis
990 2028 1086 2065 ante
1131 2026 1276 2066 oculos
1314 2037 1549 2079 proponere
1595 2024 1744 2077 voluit,

333 2109 463 2150 quare
508 2099 551 2137 in
591 2098 670 2138 hoc
711 2097 819 2138 libro
861 2098 976 2138 omni
1011 2110 1135 2151 opera
1167 2102 1207 2138 et
1240 2098 1456 2152 diligentia
1486 2097 1527 2137 id
1561 2096 1746 2148 studuit,

331 2174 378 2210 ut
409 2171 559 2211 ceteris
591 2170 719 2211 rebus
757 2174 798 2211 et
829 2170 1020 2224 partibus
1044 2171 1286 2224 postpositis
1310 2184 1441 2211 unam
1465 2169 1747 2210 elocutionem

332 2256 461 2295 quam
495 2244 786 2296 copiosissime
819 2246 1102 2297 pertractaret.
1164 2241 1340 2283 Restant
1376 2242 1475 2282 libri
1508 2241 1583 2294 „de
1614 2241 1742 2294 parti-

332 2316 445 2355 tione
498 2317 700 2356 oratoria“
754 2320 793 2357 et
847 2317 1052 2370 „topica⁴‘;
1110 2316 1155 2355 iu
1202 2318 1385 2368 utroque
1419 2314 1563 2354 Cicero
1612 2316 1746 2352 status

334 2388 668 2442 quaestiouibus,
699 2388 829 2429 finitis
863 2388 1104 2441 subiunxit,
1134 2389 1203 2439 ita,
1237 2392 1283 2427 ut
1316 2388 1437 2440 quasi
1460 2390 1599 2440 partes
1622 2397 1750 2439 quae-

333 2461 516 2501 stionum
553 2461 785 2513 finitarum,
824 2462 935 2502 sicut
966 2461 1107 2514 paullo
1140 2464 1233 2514 post
1266 2459 1518 2511 videbimus,
1551 2458 1741 2514 partibus

335 2534 632 2585 quaestionum
664 2534 928 2574 infinitarum
962 2533 1281 2587 responderent.

476 2652 533 2691 25)
560 2660 609 2685 or.
637 2654 692 2693 11,
720 2653 774 2686 37.
826 2651 868 2684 dc
893 2653 985 2694 part.
1011 2660 1060 2685 or.
1088 2653 1120 2692 4,
1150 2652 1203 2685 11.

476 2711 533 2755 26)
561 2722 609 2745 or.
640 2714 690 2750 14,
719 2715 786 2755 43:
826 2715 879 2753 17,
908 2715 972 2756 55;
999 2714 1053 2756 31,
1081 2714 1166 2755 1123
1193 2712 1249 2752 33,
1277 2713 1360 2754 1173
1387 2712 1442 2752 35,
1471 2710 1558 2753 123;
1585 2710 1640 2749 41,
1669 2709 1748 2743 141.
