<?xml version="1.0" encoding="UTF-8"?>
<!DOCTYPE html PUBLIC "-//W3C//DTD XHTML 1.0 Transitional//EN"
    "http://www.w3.org/TR/xhtml1/DTD/xhtml1-transitional.dtd">
<html xmlns="http://www.w3.org/1999/xhtml" xml:lang="en" lang="en">
 <head>
  <title>
</title>
<meta http-equiv="Content-Type" content="text/html;charset=utf-8" />
  <meta name='ocr-system' content='tesseract 3.04.00' />
  <meta name='ocr-capabilities' content='ocr_page ocr_carea ocr_par ocr_line ocrx_word'/>
</head>
<body>
  <div class='ocr_page' id='page_1' title='image "./deciceronisdoctr00heinuoft_0079.png"; bbox 0 0 1863 3146; ppageno 0'>
   <div class='ocr_carea' id='block_1_1' title="bbox 684 196 919 236">
    <p class='ocr_par' dir='ltr' id='par_1_1' title="bbox 684 196 919 236">
     <span class='ocr_line' id='line_1_1' title="bbox 684 196 919 236; baseline 0 -11"><span class='ocrx_word' id='word_1_1' title='bbox 684 196 919 236; x_wconf 61' lang='lat'><strong>—73—</strong></span> 
     </span>
    </p>
   </div>
   <div class='ocr_carea' id='block_1_2' title="bbox 83 309 1520 2469">
    <p class='ocr_par' dir='ltr' id='par_1_2' title="bbox 97 309 1517 1005">
     <span class='ocr_line' id='line_1_2' title="bbox 97 309 1512 369; baseline 0.004 -19"><span class='ocrx_word' id='word_1_2' title='bbox 97 309 238 350; x_wconf 88' lang='lat' dir='ltr'>hibeat</span> <span class='ocrx_word' id='word_1_3' title='bbox 269 311 314 350; x_wconf 90' lang='lat' dir='ltr'>in</span> <span class='ocrx_word' id='word_1_4' title='bbox 346 309 618 366; x_wconf 80' lang='lat' dir='ltr'>principiis,¹)</span> <span class='ocrx_word' id='word_1_5' title='bbox 650 315 858 366; x_wconf 82' lang='lat' dir='ltr'>quamvis</span> <span class='ocrx_word' id='word_1_6' title='bbox 880 315 1048 368; x_wconf 88' lang='lat' dir='ltr'>saepius</span> <span class='ocrx_word' id='word_1_7' title='bbox 1085 318 1308 369; x_wconf 84' lang='lat' dir='ltr'>praecepta</span> <span class='ocrx_word' id='word_1_8' title='bbox 1342 315 1393 355; x_wconf 90' lang='lat' dir='ltr'>de</span> <span class='ocrx_word' id='word_1_9' title='bbox 1426 329 1512 356; x_wconf 90' lang='lat' dir='ltr'>am-</span> 
     </span>
     <span class='ocr_line' id='line_1_3' title="bbox 97 381 1514 441; baseline 0.004 -19"><span class='ocrx_word' id='word_1_10' title='bbox 97 381 353 436; x_wconf 83' lang='lat' dir='ltr'>plificatione</span> <span class='ocrx_word' id='word_1_11' title='bbox 398 384 523 424; x_wconf 91' lang='lat' dir='ltr'>etiam</span> <span class='ocrx_word' id='word_1_12' title='bbox 568 385 620 425; x_wconf 85' lang='lat' dir='ltr'>ad</span> <span class='ocrx_word' id='word_1_13' title='bbox 664 386 773 426; x_wconf 88' lang='lat' dir='ltr'>hanc</span> <span class='ocrx_word' id='word_1_14' title='bbox 811 390 974 440; x_wconf 89' lang='lat' dir='ltr'>partem</span> <span class='ocrx_word' id='word_1_15' title='bbox 1019 387 1240 428; x_wconf 77' lang='lat' dir='ltr'>transferri</span> <span class='ocrx_word' id='word_1_16' title='bbox 1283 386 1514 441; x_wconf 51' lang='lat' dir='ltr'>possmus-²)</span> 
     </span>
     <span class='ocr_line' id='line_1_4' title="bbox 99 454 1515 513; baseline 0.004 -19"><span class='ocrx_word' id='word_1_17' title='bbox 99 454 163 496; x_wconf 91' lang='lat' dir='ltr'>De</span> <span class='ocrx_word' id='word_1_18' title='bbox 203 455 459 496; x_wconf 87' lang='lat' dir='ltr'>elaborando</span> <span class='ocrx_word' id='word_1_19' title='bbox 498 458 672 498; x_wconf 76' lang='lat' dir='ltr'>exordio</span> <span class='ocrx_word' id='word_1_20' title='bbox 718 458 932 499; x_wconf 87' lang='lat' dir='ltr'>Antonius</span> <span class='ocrx_word' id='word_1_21' title='bbox 972 459 1022 500; x_wconf 90' lang='lat' dir='ltr'>de</span> <span class='ocrx_word' id='word_1_22' title='bbox 1064 472 1123 500; x_wconf 83' lang='lat' dir='ltr'>or.</span> <span class='ocrx_word' id='word_1_23' title='bbox 1162 460 1217 513; x_wconf 85' lang='lat' dir='ltr'>II,</span> <span class='ocrx_word' id='word_1_24' title='bbox 1259 460 1429 509; x_wconf 73' lang='lat'>77,315</span> <span class='ocrx_word' id='word_1_25' title='bbox 1475 464 1515 501; x_wconf 88' lang='lat' dir='ltr'>et</span> 
     </span>
     <span class='ocr_line' id='line_1_5' title="bbox 101 527 1517 579; baseline 0.004 -12"><span class='ocrx_word' id='word_1_26' title='bbox 101 528 257 579; x_wconf 82' lang='lat'>77,318</span> <span class='ocrx_word' id='word_1_27' title='bbox 290 527 510 570; x_wconf 81' lang='lat' dir='ltr'>admonuit</span> <span class='ocrx_word' id='word_1_28' title='bbox 540 554 596 558; x_wconf 84' lang='lat'>——</span> <span class='ocrx_word' id='word_1_29' title='bbox 629 543 727 571; x_wconf 89' lang='lat' dir='ltr'>nam</span> <span class='ocrx_word' id='word_1_30' title='bbox 761 532 921 572; x_wconf 87' lang='lat' dir='ltr'>monita</span> <span class='ocrx_word' id='word_1_31' title='bbox 944 535 1110 572; x_wconf 85' lang='lat' dir='ltr'>tantum</span> <span class='ocrx_word' id='word_1_32' title='bbox 1133 545 1237 573; x_wconf 88' lang='lat' dir='ltr'>usus</span> <span class='ocrx_word' id='word_1_33' title='bbox 1261 534 1329 573; x_wconf 86' lang='lat' dir='ltr'>sui</span> <span class='ocrx_word' id='word_1_34' title='bbox 1351 533 1517 573; x_wconf 78' lang='lat' dir='ltr'>tradere</span> 
     </span>
     <span class='ocr_line' id='line_1_6' title="bbox 98 597 1513 658; baseline 0.004 -18"><span class='ocrx_word' id='word_1_35' title='bbox 98 597 230 656; x_wconf 66' lang='lat' dir='ltr'>vultss)</span> <span class='ocrx_word' id='word_1_36' title='bbox 272 625 328 630; x_wconf 91' lang='lat'>-—-</span> <span class='ocrx_word' id='word_1_37' title='bbox 361 605 410 641; x_wconf 85' lang='lat' dir='ltr'>ut</span> <span class='ocrx_word' id='word_1_38' title='bbox 456 605 595 642; x_wconf 86' lang='lat' dir='ltr'>orator</span> <span class='ocrx_word' id='word_1_39' title='bbox 641 602 840 644; x_wconf 90' lang='lat' dir='ltr'>omnibus</span> <span class='ocrx_word' id='word_1_40' title='bbox 886 604 990 643; x_wconf 86' lang='lat' dir='ltr'>locis</span> <span class='ocrx_word' id='word_1_41' title='bbox 1036 604 1220 644; x_wconf 69' lang='lat' dir='ltr'>inventis</span> <span class='ocrx_word' id='word_1_42' title='bbox 1253 608 1513 658; x_wconf 84' lang='lat' dir='ltr'>postremum</span> 
     </span>
     <span class='ocr_line' id='line_1_7' title="bbox 99 673 1507 730; baseline 0.003 -17"><span class='ocrx_word' id='word_1_43' title='bbox 99 673 400 725; x_wconf 73' lang='lat' dir='ltr'>consideraret,</span> <span class='ocrx_word' id='word_1_44' title='bbox 434 687 518 727; x_wconf 90' lang='lat' dir='ltr'>quo</span> <span class='ocrx_word' id='word_1_45' title='bbox 551 677 743 715; x_wconf 84' lang='lat' dir='ltr'>uteretur</span> <span class='ocrx_word' id='word_1_46' title='bbox 774 676 992 729; x_wconf 85' lang='lat' dir='ltr'>principio,</span> <span class='ocrx_word' id='word_1_47' title='bbox 1028 677 1127 729; x_wconf 90' lang='lat' dir='ltr'>quia</span> <span class='ocrx_word' id='word_1_48' title='bbox 1160 677 1261 717; x_wconf 88' lang='lat' dir='ltr'>haec</span> <span class='ocrx_word' id='word_1_49' title='bbox 1283 690 1381 730; x_wconf 81' lang='lat' dir='ltr'>pars</span> <span class='ocrx_word' id='word_1_50' title='bbox 1415 690 1507 718; x_wconf 87' lang='lat' dir='ltr'>ora-</span> 
     </span>
     <span class='ocr_line' id='line_1_8' title="bbox 100 747 1513 800; baseline 0.002 -14"><span class='ocrx_word' id='word_1_51' title='bbox 100 747 229 787; x_wconf 85' lang='lat' dir='ltr'>tionis</span> <span class='ocrx_word' id='word_1_52' title='bbox 257 759 335 799; x_wconf 77' lang='lat' dir='ltr'>„ex</span> <span class='ocrx_word' id='word_1_53' title='bbox 360 747 463 800; x_wconf 89' lang='lat' dir='ltr'>ipsis</span> <span class='ocrx_word' id='word_1_54' title='bbox 485 747 722 788; x_wconf 81' lang='lat' dir='ltr'>visceribus</span> <span class='ocrx_word' id='word_1_55' title='bbox 748 760 901 788; x_wconf 86' lang='lat' dir='ltr'>causae</span> <span class='ocrx_word' id='word_1_56' title='bbox 924 748 1132 788; x_wconf 87' lang='lat' dir='ltr'>sumenda</span> <span class='ocrx_word' id='word_1_57' title='bbox 1155 750 1301 789; x_wconf 73' lang='lat' dir='ltr'>esset.“</span> <span class='ocrx_word' id='word_1_58' title='bbox 1352 750 1513 790; x_wconf 87' lang='lat' dir='ltr'>Deinde</span> 
     </span>
     <span class='ocr_line' id='line_1_9' title="bbox 101 819 1513 875; baseline 0.003 -17"><span class='ocrx_word' id='word_1_59' title='bbox 101 819 361 872; x_wconf 84' lang='lat' dir='ltr'>principium</span> <span class='ocrx_word' id='word_1_60' title='bbox 403 819 462 859; x_wconf 88' lang='lat' dir='ltr'>ita</span> <span class='ocrx_word' id='word_1_61' title='bbox 508 820 742 860; x_wconf 81' lang='lat' dir='ltr'>narrationi</span> <span class='ocrx_word' id='word_1_62' title='bbox 789 821 1025 873; x_wconf 86' lang='lat' dir='ltr'>ceterisque</span> <span class='ocrx_word' id='word_1_63' title='bbox 1072 821 1274 862; x_wconf 86' lang='lat' dir='ltr'>orationis</span> <span class='ocrx_word' id='word_1_64' title='bbox 1322 822 1513 875; x_wconf 86' lang='lat' dir='ltr'>partibus</span> 
     </span>
     <span class='ocr_line' id='line_1_10' title="bbox 100 893 1515 948; baseline 0.003 -17"><span class='ocrx_word' id='word_1_65' title='bbox 100 904 317 932; x_wconf 81' lang='lat' dir='ltr'>conexum</span> <span class='ocrx_word' id='word_1_66' title='bbox 350 903 443 932; x_wconf 90' lang='lat' dir='ltr'>esse</span> <span class='ocrx_word' id='word_1_67' title='bbox 476 894 681 944; x_wconf 81' lang='lat' dir='ltr'>oportere,</span> <span class='ocrx_word' id='word_1_68' title='bbox 703 896 749 932; x_wconf 88' lang='lat' dir='ltr'>ut</span> <span class='ocrx_word' id='word_1_69' title='bbox 773 893 1028 945; x_wconf 76' lang='lat' dir='ltr'>„cohaerens</span> <span class='ocrx_word' id='word_1_70' title='bbox 1054 906 1153 933; x_wconf 89' lang='lat' dir='ltr'>cum</span> <span class='ocrx_word' id='word_1_71' title='bbox 1180 895 1295 934; x_wconf 90' lang='lat' dir='ltr'>omni</span> <span class='ocrx_word' id='word_1_72' title='bbox 1318 897 1515 948; x_wconf 54' lang='lat' dir='ltr'>corpore‘k</span> 
     </span>
     <span class='ocr_line' id='line_1_11' title="bbox 100 962 366 1005; baseline 0.008 -3"><span class='ocrx_word' id='word_1_73' title='bbox 100 962 366 1005; x_wconf 38' lang='lat' dir='ltr'>videretur&amp;</span> 
     </span>
    </p>

    <p class='ocr_par' dir='ltr' id='par_1_3' title="bbox 99 1035 1518 1526">
     <span class='ocr_line' id='line_1_12' title="bbox 244 1035 1513 1092; baseline 0.002 -15"><span class='ocrx_word' id='word_1_74' title='bbox 244 1037 386 1089; x_wconf 85' lang='lat' dir='ltr'>Atque</span> <span class='ocrx_word' id='word_1_75' title='bbox 405 1036 531 1076; x_wconf 84' lang='lat' dir='ltr'>etiam</span> <span class='ocrx_word' id='word_1_76' title='bbox 561 1035 612 1077; x_wconf 89' lang='lat' dir='ltr'>de</span> <span class='ocrx_word' id='word_1_77' title='bbox 635 1036 870 1090; x_wconf 81' lang='lat' dir='ltr'>principiis,</span> <span class='ocrx_word' id='word_1_78' title='bbox 895 1051 1002 1091; x_wconf 88' lang='lat' dir='ltr'>quae</span> <span class='ocrx_word' id='word_1_79' title='bbox 1034 1040 1257 1092; x_wconf 79' lang='lat' dir='ltr'>praecipue</span> <span class='ocrx_word' id='word_1_80' title='bbox 1282 1040 1331 1080; x_wconf 86' lang='lat' dir='ltr'>ad</span> <span class='ocrx_word' id='word_1_81' title='bbox 1358 1041 1513 1080; x_wconf 85' lang='lat' dir='ltr'>consti-</span> 
     </span>
     <span class='ocr_line' id='line_1_13' title="bbox 99 1106 1514 1166; baseline 0.002 -16"><span class='ocrx_word' id='word_1_82' title='bbox 99 1109 310 1150; x_wconf 89' lang='lat' dir='ltr'>tutionem</span> <span class='ocrx_word' id='word_1_83' title='bbox 343 1106 671 1150; x_wconf 79' lang='lat' dir='ltr'>coniecturalem</span> <span class='ocrx_word' id='word_1_84' title='bbox 704 1111 1017 1150; x_wconf 84' lang='lat' dir='ltr'>accommodata</span> <span class='ocrx_word' id='word_1_85' title='bbox 1041 1115 1155 1162; x_wconf 88' lang='lat' dir='ltr'>sunt,</span> <span class='ocrx_word' id='word_1_86' title='bbox 1178 1110 1320 1153; x_wconf 87' lang='lat' dir='ltr'>Cicero</span> <span class='ocrx_word' id='word_1_87' title='bbox 1348 1114 1514 1166; x_wconf 84' lang='lat' dir='ltr'>propria</span> 
     </span>
     <span class='ocr_line' id='line_1_14' title="bbox 105 1181 1515 1236; baseline 0.003 -14"><span class='ocrx_word' id='word_1_88' title='bbox 105 1184 329 1236; x_wconf 87' lang='lat' dir='ltr'>praecepta</span> <span class='ocrx_word' id='word_1_89' title='bbox 362 1181 477 1222; x_wconf 86' lang='lat' dir='ltr'>dedit</span> <span class='ocrx_word' id='word_1_90' title='bbox 509 1181 560 1221; x_wconf 90' lang='lat' dir='ltr'>de</span> <span class='ocrx_word' id='word_1_91' title='bbox 591 1185 699 1235; x_wconf 86' lang='lat' dir='ltr'>part.</span> <span class='ocrx_word' id='word_1_92' title='bbox 734 1195 792 1222; x_wconf 91' lang='lat' dir='ltr'>or.</span> <span class='ocrx_word' id='word_1_93' title='bbox 829 1184 1013 1235; x_wconf 74' lang='grc'>35,121.</span> <span class='ocrx_word' id='word_1_94' title='bbox 1074 1184 1167 1225; x_wconf 83' lang='lat' dir='ltr'>Illic</span> <span class='ocrx_word' id='word_1_95' title='bbox 1200 1186 1311 1225; x_wconf 90' lang='lat' dir='ltr'>enim</span> <span class='ocrx_word' id='word_1_96' title='bbox 1345 1198 1515 1225; x_wconf 86' lang='lat' dir='ltr'>accusa-</span> 
     </span>
     <span class='ocr_line' id='line_1_15' title="bbox 101 1253 1517 1307; baseline 0.003 -13"><span class='ocrx_word' id='word_1_97' title='bbox 101 1255 184 1295; x_wconf 82' lang='lat' dir='ltr'>tori</span> <span class='ocrx_word' id='word_1_98' title='bbox 216 1253 501 1307; x_wconf 87' lang='lat' dir='ltr'>commendat,</span> <span class='ocrx_word' id='word_1_99' title='bbox 530 1254 724 1294; x_wconf 88' lang='lat' dir='ltr'>iudicum</span> <span class='ocrx_word' id='word_1_100' title='bbox 758 1255 920 1295; x_wconf 89' lang='lat' dir='ltr'>animos</span> <span class='ocrx_word' id='word_1_101' title='bbox 953 1256 1005 1296; x_wconf 90' lang='lat' dir='ltr'>ad</span> <span class='ocrx_word' id='word_1_102' title='bbox 1028 1256 1298 1297; x_wconf 82' lang='lat' dir='ltr'>acerbitatem</span> <span class='ocrx_word' id='word_1_103' title='bbox 1331 1259 1517 1298; x_wconf 79' lang='lat' dir='ltr'>excitare</span> 
     </span>
     <span class='ocr_line' id='line_1_16' title="bbox 102 1326 1516 1381; baseline 0.002 -13"><span class='ocrx_word' id='word_1_104' title='bbox 102 1327 244 1381; x_wconf 89' lang='lat' dir='ltr'>iisque</span> <span class='ocrx_word' id='word_1_105' title='bbox 276 1327 558 1380; x_wconf 84' lang='lat' dir='ltr'>suspitionem</span> <span class='ocrx_word' id='word_1_106' title='bbox 589 1326 758 1380; x_wconf 76' lang='lat' dir='ltr'>inferre,</span> <span class='ocrx_word' id='word_1_107' title='bbox 791 1327 1014 1381; x_wconf 86' lang='lat' dir='ltr'>defensori,</span> <span class='ocrx_word' id='word_1_108' title='bbox 1049 1330 1224 1371; x_wconf 84' lang='lat' dir='ltr'>insidias</span> <span class='ocrx_word' id='word_1_109' title='bbox 1257 1331 1516 1371; x_wconf 83' lang='lat' dir='ltr'>accusatoris</span> 
     </span>
     <span class='ocr_line' id='line_1_17' title="bbox 101 1399 1518 1453; baseline 0.002 -14"><span class='ocrx_word' id='word_1_110' title='bbox 101 1400 306 1453; x_wconf 87' lang='lat' dir='ltr'>conqueri</span> <span class='ocrx_word' id='word_1_111' title='bbox 328 1402 455 1452; x_wconf 89' lang='lat' dir='ltr'>atque</span> <span class='ocrx_word' id='word_1_112' title='bbox 476 1399 809 1440; x_wconf 87' lang='lat' dir='ltr'>misericordiam</span> <span class='ocrx_word' id='word_1_113' title='bbox 835 1404 875 1441; x_wconf 91' lang='lat' dir='ltr'>et</span> <span class='ocrx_word' id='word_1_114' title='bbox 898 1400 1238 1442; x_wconf 74' lang='lat' dir='ltr'>benevolentiam</span> <span class='ocrx_word' id='word_1_115' title='bbox 1261 1415 1284 1441; x_wconf 88' lang='lat' dir='ltr'>a</span> <span class='ocrx_word' id='word_1_116' title='bbox 1303 1402 1518 1442; x_wconf 86' lang='lat' dir='ltr'>iudicibus</span> 
     </span>
     <span class='ocr_line' id='line_1_18' title="bbox 101 1476 257 1526; baseline 0 -13"><span class='ocrx_word' id='word_1_117' title='bbox 101 1476 257 1526; x_wconf 86' lang='lat' dir='ltr'>petere.</span> 
     </span>
    </p>

    <p class='ocr_par' dir='ltr' id='par_1_4' title="bbox 83 1544 1520 2469">
     <span class='ocr_line' id='line_1_19' title="bbox 242 1544 1517 1599; baseline 0.002 -15"><span class='ocrx_word' id='word_1_118' title='bbox 242 1545 441 1598; x_wconf 90' lang='lat' dir='ltr'>Denique</span> <span class='ocrx_word' id='word_1_119' title='bbox 474 1544 792 1585; x_wconf 88' lang='lat' dir='ltr'>admonendum</span> <span class='ocrx_word' id='word_1_120' title='bbox 833 1549 907 1597; x_wconf 86' lang='lat' dir='ltr'>est,</span> <span class='ocrx_word' id='word_1_121' title='bbox 946 1559 999 1586; x_wconf 91' lang='lat' dir='ltr'>ne</span> <span class='ocrx_word' id='word_1_122' title='bbox 1033 1559 1141 1599; x_wconf 85' lang='lat' dir='ltr'>quae</span> <span class='ocrx_word' id='word_1_123' title='bbox 1181 1547 1283 1587; x_wconf 78' lang='lat' dir='ltr'>vitia</span> <span class='ocrx_word' id='word_1_124' title='bbox 1319 1548 1362 1586; x_wconf 93' lang='lat' dir='ltr'>in</span> <span class='ocrx_word' id='word_1_125' title='bbox 1396 1559 1517 1587; x_wconf 73' lang='lat' dir='ltr'>exor-</span> 
     </span>
     <span class='ocr_line' id='line_1_20' title="bbox 102 1616 1515 1670; baseline -0.001 -13"><span class='ocrx_word' id='word_1_126' title='bbox 102 1617 172 1657; x_wconf 88' lang='lat' dir='ltr'>dio</span> <span class='ocrx_word' id='word_1_127' title='bbox 205 1617 434 1667; x_wconf 80' lang='lat' dir='ltr'>exsistant3</span> <span class='ocrx_word' id='word_1_128' title='bbox 486 1616 644 1670; x_wconf 86' lang='lat' dir='ltr'>quibus</span> <span class='ocrx_word' id='word_1_129' title='bbox 682 1617 812 1658; x_wconf 88' lang='lat' dir='ltr'>rebus</span> <span class='ocrx_word' id='word_1_130' title='bbox 857 1630 905 1658; x_wconf 83' lang='lat' dir='ltr'>ea</span> <span class='ocrx_word' id='word_1_131' title='bbox 943 1619 1324 1669; x_wconf 82' lang='lat' dir='ltr'>committerentur,</span> <span class='ocrx_word' id='word_1_132' title='bbox 1372 1617 1515 1657; x_wconf 81' lang='lat' dir='ltr'>Cicero</span> 
     </span>
     <span class='ocr_line' id='line_1_21' title="bbox 105 1688 1517 1743; baseline -0.001 -13"><span class='ocrx_word' id='word_1_133' title='bbox 105 1690 158 1731; x_wconf 90' lang='lat' dir='ltr'>de</span> <span class='ocrx_word' id='word_1_134' title='bbox 200 1689 289 1730; x_wconf 82' lang='lat' dir='ltr'>inV.</span> <span class='ocrx_word' id='word_1_135' title='bbox 337 1688 370 1743; x_wconf 88' lang='lat' dir='ltr'>I,</span> <span class='ocrx_word' id='word_1_136' title='bbox 420 1689 544 1742; x_wconf 80' lang='lat'>18‚26</span> <span class='ocrx_word' id='word_1_137' title='bbox 594 1691 813 1743; x_wconf 77' lang='lat' dir='ltr'>exposuit,</span> <span class='ocrx_word' id='word_1_138' title='bbox 864 1690 938 1730; x_wconf 88' lang='lat' dir='ltr'>ubi</span> <span class='ocrx_word' id='word_1_139' title='bbox 987 1690 1094 1729; x_wconf 84' lang='lat' dir='ltr'>hanc</span> <span class='ocrx_word' id='word_1_140' title='bbox 1143 1702 1289 1730; x_wconf 88' lang='lat' dir='ltr'>eorum</span> <span class='ocrx_word' id='word_1_141' title='bbox 1343 1702 1517 1731; x_wconf 89' lang='lat' dir='ltr'>enume-</span> 
     </span>
     <span class='ocr_line' id='line_1_22' title="bbox 101 1762 1515 1817; baseline -0.001 -14"><span class='ocrx_word' id='word_1_142' title='bbox 101 1763 312 1803; x_wconf 85' lang='lat' dir='ltr'>rationem</span> <span class='ocrx_word' id='word_1_143' title='bbox 349 1762 618 1803; x_wconf 87' lang='lat' dir='ltr'>invenimus:</span> <span class='ocrx_word' id='word_1_144' title='bbox 667 1762 809 1815; x_wconf 75' lang='lat' dir='ltr'>„Vitia</span> <span class='ocrx_word' id='word_1_145' title='bbox 856 1775 957 1804; x_wconf 68' lang='lat' dir='ltr'>vero</span> <span class='ocrx_word' id='word_1_146' title='bbox 1000 1763 1101 1802; x_wconf 88' lang='lat' dir='ltr'>haec</span> <span class='ocrx_word' id='word_1_147' title='bbox 1141 1767 1241 1803; x_wconf 86' lang='lat' dir='ltr'>sunt</span> <span class='ocrx_word' id='word_1_148' title='bbox 1283 1763 1515 1817; x_wconf 84' lang='lat' dir='ltr'>certissima</span> 
     </span>
     <span class='ocr_line' id='line_1_23' title="bbox 105 1834 1514 1889; baseline -0.001 -14"><span class='ocrx_word' id='word_1_149' title='bbox 105 1834 394 1887; x_wconf 79' lang='lat' dir='ltr'>exordiorum,</span> <span class='ocrx_word' id='word_1_150' title='bbox 446 1848 554 1888; x_wconf 88' lang='lat' dir='ltr'>quae</span> <span class='ocrx_word' id='word_1_151' title='bbox 586 1848 753 1876; x_wconf 88' lang='lat' dir='ltr'>summo</span> <span class='ocrx_word' id='word_1_152' title='bbox 803 1848 926 1889; x_wconf 86' lang='lat' dir='ltr'>opere</span> <span class='ocrx_word' id='word_1_153' title='bbox 958 1835 1090 1875; x_wconf 83' lang='lat' dir='ltr'>vitare</span> <span class='ocrx_word' id='word_1_154' title='bbox 1138 1834 1370 1888; x_wconf 84' lang='lat' dir='ltr'>oportebit:</span> <span class='ocrx_word' id='word_1_155' title='bbox 1420 1834 1514 1873; x_wconf 75' lang='lat' dir='ltr'>vul-</span> 
     </span>
     <span class='ocr_line' id='line_1_24' title="bbox 83 1908 1517 1962; baseline -0.001 -14"><span class='ocrx_word' id='word_1_156' title='bbox 83 1920 216 1962; x_wconf 86' lang='lat' dir='ltr'>-gare,</span> <span class='ocrx_word' id='word_1_157' title='bbox 252 1919 491 1961; x_wconf 87' lang='lat' dir='ltr'>commune,</span> <span class='ocrx_word' id='word_1_158' title='bbox 524 1908 839 1961; x_wconf 88' lang='lat' dir='ltr'>commutabile,</span> <span class='ocrx_word' id='word_1_159' title='bbox 875 1909 1063 1962; x_wconf 80' lang='lat' dir='ltr'>longum,</span> <span class='ocrx_word' id='word_1_160' title='bbox 1097 1911 1350 1960; x_wconf 88' lang='lat' dir='ltr'>separatum,</span> <span class='ocrx_word' id='word_1_161' title='bbox 1382 1910 1517 1946; x_wconf 87' lang='lat' dir='ltr'>trans-</span> 
     </span>
     <span class='ocr_line' id='line_1_25' title="bbox 103 1979 1517 2034; baseline -0.001 -13"><span class='ocrx_word' id='word_1_162' title='bbox 103 1979 254 2033; x_wconf 88' lang='lat' dir='ltr'>latum,</span> <span class='ocrx_word' id='word_1_163' title='bbox 285 1982 432 2021; x_wconf 86' lang='lat' dir='ltr'>contra</span> <span class='ocrx_word' id='word_1_164' title='bbox 462 1982 725 2034; x_wconf 78' lang='lat' dir='ltr'>praecepta;“</span> <span class='ocrx_word' id='word_1_165' title='bbox 759 1985 1000 2034; x_wconf 87' lang='lat' dir='ltr'>sequuntur</span> <span class='ocrx_word' id='word_1_166' title='bbox 1032 1980 1314 2029; x_wconf 85' lang='lat' dir='ltr'>definitiones,</span> <span class='ocrx_word' id='word_1_167' title='bbox 1361 1979 1517 2032; x_wconf 84' lang='lat' dir='ltr'>quibus</span> 
     </span>
     <span class='ocr_line' id='line_1_26' title="bbox 107 2051 1518 2107; baseline -0.001 -14"><span class='ocrx_word' id='word_1_168' title='bbox 107 2052 254 2094; x_wconf 87' lang='lat' dir='ltr'>Cicero</span> <span class='ocrx_word' id='word_1_169' title='bbox 304 2065 352 2093; x_wconf 88' lang='lat' dir='ltr'>ea</span> <span class='ocrx_word' id='word_1_170' title='bbox 385 2053 732 2107; x_wconf 84' lang='lat' dir='ltr'>circumscripsit.</span> <span class='ocrx_word' id='word_1_171' title='bbox 813 2053 966 2094; x_wconf 85' lang='lat' dir='ltr'>Postea</span> <span class='ocrx_word' id='word_1_172' title='bbox 1013 2056 1156 2092; x_wconf 88' lang='lat' dir='ltr'>autem</span> <span class='ocrx_word' id='word_1_173' title='bbox 1204 2065 1420 2105; x_wconf 84' lang='lat' dir='ltr'>nusquam</span> <span class='ocrx_word' id='word_1_174' title='bbox 1468 2051 1518 2092; x_wconf 74' lang='lat' dir='ltr'>cle</span> 
     </span>
     <span class='ocr_line' id='line_1_27' title="bbox 103 2125 1518 2180; baseline -0.001 -14"><span class='ocrx_word' id='word_1_175' title='bbox 103 2126 158 2166; x_wconf 91' lang='lat' dir='ltr'>iis</span> <span class='ocrx_word' id='word_1_176' title='bbox 190 2126 431 2167; x_wconf 89' lang='lat' dir='ltr'>accuratius</span> <span class='ocrx_word' id='word_1_177' title='bbox 463 2126 530 2167; x_wconf 89' lang='lat' dir='ltr'>vel</span> <span class='ocrx_word' id='word_1_178' title='bbox 566 2127 779 2180; x_wconf 89' lang='lat' dir='ltr'>copiosius</span> <span class='ocrx_word' id='word_1_179' title='bbox 814 2126 1016 2167; x_wconf 85' lang='lat' dir='ltr'>disseruit</span> <span class='ocrx_word' id='word_1_180' title='bbox 1054 2137 1194 2178; x_wconf 91' lang='lat' dir='ltr'>neque</span> <span class='ocrx_word' id='word_1_181' title='bbox 1233 2125 1313 2165; x_wconf 90' lang='lat' dir='ltr'>alio</span> <span class='ocrx_word' id='word_1_182' title='bbox 1346 2125 1437 2164; x_wconf 88' lang='grc'>1000</span> <span class='ocrx_word' id='word_1_183' title='bbox 1471 2136 1518 2164; x_wconf 83' lang='lat' dir='ltr'>ea</span> 
     </span>
     <span class='ocr_line' id='line_1_28' title="bbox 105 2197 1518 2251; baseline -0.001 -13"><span class='ocrx_word' id='word_1_184' title='bbox 105 2199 458 2239; x_wconf 87' lang='lat' dir='ltr'>commemoravit</span> <span class='ocrx_word' id='word_1_185' title='bbox 480 2211 528 2239; x_wconf 89' lang='lat' dir='ltr'>ac</span> <span class='ocrx_word' id='word_1_186' title='bbox 562 2199 613 2240; x_wconf 88' lang='lat' dir='ltr'>de</span> <span class='ocrx_word' id='word_1_187' title='bbox 647 2212 704 2239; x_wconf 86' lang='lat' dir='ltr'>or.</span> <span class='ocrx_word' id='word_1_188' title='bbox 736 2197 795 2249; x_wconf 87' lang='lat' dir='ltr'>II,</span> <span class='ocrx_word' id='word_1_189' title='bbox 828 2198 996 2251; x_wconf 74' lang='lat'>77,315,</span> <span class='ocrx_word' id='word_1_190' title='bbox 1028 2198 1103 2238; x_wconf 91' lang='lat' dir='ltr'>ubi</span> <span class='ocrx_word' id='word_1_191' title='bbox 1126 2198 1339 2237; x_wconf 88' lang='lat' dir='ltr'>Antonius</span> <span class='ocrx_word' id='word_1_192' title='bbox 1372 2209 1518 2237; x_wconf 86' lang='lat' dir='ltr'>eorum</span> 
     </span>
     <span class='ocr_line' id='line_1_29' title="bbox 107 2266 1518 2323; baseline 0 -13"><span class='ocrx_word' id='word_1_193' title='bbox 107 2271 175 2311; x_wconf 89' lang='lat' dir='ltr'>his</span> <span class='ocrx_word' id='word_1_194' title='bbox 222 2269 365 2311; x_wconf 85' lang='lat' dir='ltr'>verbis</span> <span class='ocrx_word' id='word_1_195' title='bbox 411 2272 674 2312; x_wconf 88' lang='lat' dir='ltr'>mentionem</span> <span class='ocrx_word' id='word_1_196' title='bbox 722 2270 837 2311; x_wconf 82' lang='lat' dir='ltr'>fecit:</span> <span class='ocrx_word' id='word_1_197' title='bbox 888 2269 1022 2322; x_wconf 63' lang='lat' dir='ltr'>„Nam</span> <span class='ocrx_word' id='word_1_198' title='bbox 1071 2271 1105 2311; x_wconf 87' lang='lat' dir='ltr'>si</span> <span class='ocrx_word' id='word_1_199' title='bbox 1152 2269 1323 2323; x_wconf 89' lang='lat' dir='ltr'>quando</span> <span class='ocrx_word' id='word_1_200' title='bbox 1362 2269 1404 2308; x_wconf 87' lang='lat' dir='ltr'>id</span> <span class='ocrx_word' id='word_1_201' title='bbox 1445 2266 1518 2323; x_wconf 86' lang='lat' dir='ltr'>[sc.</span> 
     </span>
     <span class='ocr_line' id='line_1_30' title="bbox 105 2342 1520 2397; baseline -0.001 -14"><span class='ocrx_word' id='word_1_202' title='bbox 105 2342 348 2397; x_wconf 81' lang='lat' dir='ltr'>exordium]</span> <span class='ocrx_word' id='word_1_203' title='bbox 380 2344 568 2397; x_wconf 87' lang='lat' dir='ltr'>primum</span> <span class='ocrx_word' id='word_1_204' title='bbox 600 2344 794 2384; x_wconf 83' lang='lat' dir='ltr'>invenire</span> <span class='ocrx_word' id='word_1_205' title='bbox 826 2342 957 2395; x_wconf 69' lang='lat' dir='ltr'>volui,</span> <span class='ocrx_word' id='word_1_206' title='bbox 996 2344 1165 2384; x_wconf 87' lang='lat' dir='ltr'>nullum</span> <span class='ocrx_word' id='word_1_207' title='bbox 1198 2342 1303 2383; x_wconf 87' lang='lat' dir='ltr'>mihi</span> <span class='ocrx_word' id='word_1_208' title='bbox 1336 2342 1520 2381; x_wconf 87' lang='lat' dir='ltr'>occurrit</span> 
     </span>
     <span class='ocr_line' id='line_1_31' title="bbox 106 2414 1519 2469; baseline 0.001 -16"><span class='ocrx_word' id='word_1_209' title='bbox 106 2414 191 2454; x_wconf 91' lang='lat' dir='ltr'>nisi</span> <span class='ocrx_word' id='word_1_210' title='bbox 214 2418 288 2455; x_wconf 90' lang='lat' dir='ltr'>aut</span> <span class='ocrx_word' id='word_1_211' title='bbox 317 2415 428 2456; x_wconf 78' lang='lat' dir='ltr'>exile</span> <span class='ocrx_word' id='word_1_212' title='bbox 456 2419 529 2456; x_wconf 89' lang='lat' dir='ltr'>aut</span> <span class='ocrx_word' id='word_1_213' title='bbox 549 2416 824 2468; x_wconf 76' lang='lat' dir='ltr'>nugatorium</span> <span class='ocrx_word' id='word_1_214' title='bbox 862 2420 934 2456; x_wconf 87' lang='lat' dir='ltr'>aut</span> <span class='ocrx_word' id='word_1_215' title='bbox 952 2416 1127 2469; x_wconf 73' lang='lat' dir='ltr'>vulgare</span> <span class='ocrx_word' id='word_1_216' title='bbox 1156 2418 1229 2455; x_wconf 86' lang='lat' dir='ltr'>aut</span> <span class='ocrx_word' id='word_1_217' title='bbox 1254 2414 1519 2455; x_wconf 86' lang='lat' dir='ltr'>commune.“</span> 
     </span>
    </p>
   </div>
   <div class='ocr_carea' id='block_1_3' title="bbox 248 2543 1521 2650">
    <p class='ocr_par' dir='ltr' id='par_1_5' title="bbox 248 2543 1521 2650">
     <span class='ocr_line' id='line_1_32' title="bbox 249 2543 1519 2588; baseline -0.002 -9"><span class='ocrx_word' id='word_1_218' title='bbox 249 2543 282 2586; x_wconf 89' lang='lat'>1)</span> <span class='ocrx_word' id='word_1_219' title='bbox 312 2544 355 2578; x_wconf 89' lang='lat' dir='ltr'>de</span> <span class='ocrx_word' id='word_1_220' title='bbox 380 2544 453 2579; x_wconf 79' lang='lat' dir='ltr'>inv,</span> <span class='ocrx_word' id='word_1_221' title='bbox 481 2545 508 2586; x_wconf 81' lang='grc' dir='ltr'>Ι,</span> <span class='ocrx_word' id='word_1_222' title='bbox 537 2545 649 2585; x_wconf 61' lang='lat'>1825.</span> <span class='ocrx_word' id='word_1_223' title='bbox 1103 2547 1136 2587; x_wconf 76' lang='lat'>2)</span> <span class='ocrx_word' id='word_1_224' title='bbox 1165 2545 1207 2578; x_wconf 84' lang='lat' dir='ltr'>de</span> <span class='ocrx_word' id='word_1_225' title='bbox 1234 2546 1324 2588; x_wconf 84' lang='lat' dir='ltr'>part.</span> <span class='ocrx_word' id='word_1_226' title='bbox 1352 2554 1400 2579; x_wconf 85' lang='lat' dir='ltr'>or.</span> <span class='ocrx_word' id='word_1_227' title='bbox 1425 2543 1519 2587; x_wconf 82' lang='lat'>8‚30.</span> 
     </span>
     <span class='ocr_line' id='line_1_33' title="bbox 248 2604 1521 2650; baseline 0.001 -10"><span class='ocrx_word' id='word_1_228' title='bbox 248 2604 283 2650; x_wconf 85' lang='lat'>3)</span> <span class='ocrx_word' id='word_1_229' title='bbox 311 2605 353 2639; x_wconf 88' lang='lat' dir='ltr'>de</span> <span class='ocrx_word' id='word_1_230' title='bbox 379 2615 427 2641; x_wconf 88' lang='lat' dir='ltr'>or.</span> <span class='ocrx_word' id='word_1_231' title='bbox 454 2605 501 2649; x_wconf 92' lang='lat' dir='ltr'>II,</span> <span class='ocrx_word' id='word_1_232' title='bbox 528 2608 650 2649; x_wconf 75' lang='lat'>20‚87;</span> <span class='ocrx_word' id='word_1_233' title='bbox 677 2607 816 2649; x_wconf 79' lang='lat'>41,175.</span> <span class='ocrx_word' id='word_1_234' title='bbox 1099 2604 1134 2648; x_wconf 84' lang='grc'>4)</span> <span class='ocrx_word' id='word_1_235' title='bbox 1162 2604 1204 2638; x_wconf 88' lang='lat' dir='ltr'>de</span> <span class='ocrx_word' id='word_1_236' title='bbox 1231 2615 1279 2639; x_wconf 87' lang='lat' dir='ltr'>or.</span> <span class='ocrx_word' id='word_1_237' title='bbox 1306 2605 1351 2646; x_wconf 86' lang='lat' dir='ltr'>H,</span> <span class='ocrx_word' id='word_1_238' title='bbox 1379 2607 1521 2644; x_wconf 58' lang='lat'>80325.</span> 
     </span>
    </p>
   </div>
  </div>
 </body>
</html>
