1863 3146
99 313 392 366 iudicati-ones,
417 313 681 356 firmamenta
708 328 771 356 re·
802 330 803 369 j

100 386 268 441 periri.“

246 457 413 507 Quibus
445 460 681 513 praeceptis
713 460 855 500 statim
889 471 935 498 ea
969 457 1201 511 adiungere
1224 459 1372 513 placet,
1407 474 1515 514 quae

101 534 271 571 exstant
301 531 346 570 in
379 532 529 572 ceteris
561 531 681 572 libris
713 532 933 571 rhetoricis
967 544 1161 584 quaeque
1195 545 1280 572 non
1304 533 1355 573 ad
1385 537 1514 573 totam

99 603 214 644 illam
263 616 366 656 rem,
410 604 483 644 sed
528 604 580 644 ad
618 604 921 644 iudicationem
964 604 1101 644 solum
1134 605 1359 657 pertinent.
1424 605 1515 645 Pri-

99 688 217 716 mum
247 676 378 729 igitur
410 676 627 716 Antonius
662 676 712 716 (le
746 689 804 717 or.
838 675 893 727 Π,
927 676 993 728 30,
1031 676 1109 716 132
1145 676 1195 716 de
1229 690 1276 717 ea
1307 677 1409 718 haec
1442 691 1515 718 ex-

99 748 289 802 plicavit:
333 780 356 801 „
389 779 398 788 .
433 780 441 787 .
476 781 483 788 .
520 748 682 801 deinde,
716 749 818 802 quid
852 749 992 789 veniat
1017 749 1061 787 in
1094 748 1300 790 iudicium
1338 748 1411 805 [sc.
1446 763 1513 790 oc-

100 822 233 861 currit
277 820 465 861 naturali
505 821 689 873 quadam
722 818 979 875 prudentia]‚
1026 821 1139 874 quod
1172 822 1243 861 isti
1276 823 1335 863 510
1368 822 1515 863 iubent

100 906 325 947 quaerere:
358 891 578 933 Interfecit
611 891 806 946 Opimius
841 894 1096 934 Gracchum.
1162 892 1274 942 Quid
1296 894 1397 934 facit
1419 908 1515 935 cau-

98 965 218 1005 sam?
282 964 406 1013 Quod
444 965 506 1004 rei
551 964 748 1017 publicae
792 979 937 1015 causa,
979 979 1074 1006 cum
1116 978 1170 1006 ex
1210 970 1382 1006 senatus
1415 978 1514 1006 con-

97 1037 208 1078 sulto
241 1037 293 1077 ad
325 1050 440 1077 arma
473 1042 678 1079 vocasset.
742 1037 835 1077 Hoc
870 1038 980 1089 tolle,
1028 1051 1155 1078 causa
1189 1051 1272 1078 non
1307 1039 1394 1078 erit.
1458 1040 1515 1078 At

96 1109 141 1150 id
183 1110 328 1163 ipsum
375 1114 502 1163 negat
551 1114 698 1150 contra
742 1109 857 1162 leges
895 1109 1068 1150 licuisse
1109 1109 1277 1150 Decius.
1362 1110 1515 1150 Veniet

95 1182 228 1236 igitur
265 1183 306 1222 in
340 1183 570 1223 iudicium:
626 1182 868 1223 Licueritne
912 1194 965 1221 ex
998 1186 1168 1223 senatus
1201 1182 1396 1223 consulto
1429 1195 1514 1223 ser-

98 1254 265 1294 vandae
297 1255 358 1294 rei
390 1254 587 1308 publicae
626 1255 811 1296 causa‘?“
873 1254 980 1294 Tum
1016 1254 1160 1295 Cicero
1195 1255 1370 1296 eandem
1402 1255 1513 1295 iudi-

95 1327 305 1367 cationem
348 1340 408 1368 or.
457 1328 523 1381 36,
565 1328 645 1367 126
692 1329 755 1368 his
788 1327 928 1368 verbis
961 1328 1115 1381 tetigit:
1173 1328 1418 1381 „Quidquid
1451 1333 1512 1368 est

96 1400 206 1440 enim
259 1399 388 1452 illud,
430 1398 476 1440 in
522 1414 605 1454 quo
651 1401 772 1454 quasi
817 1403 1031 1440 certamen
1079 1405 1142 1441 est
1186 1401 1510 1449 controversiae,

97 1470 210 1525 quod
255 1484 403 1525 graece
448 1470 694 1528 κρινόμενον
739 1473 911 1524 dicitur,
964 1472 1007 1512 id
1049 1473 1106 1512 ita
1146 1473 1228 1513 dici
1266 1474 1412 1527 placet,
1467 1478 1512 1513 ut

95 1543 343 1584 traducatur
383 1546 435 1586 ad
473 1550 720 1599 perpetuam
761 1546 1054 1599 quaestionem
1095 1549 1221 1598 atque
1255 1550 1301 1586 ut
1335 1546 1385 1586 de
1419 1546 1513 1585 uni-

93 1628 215 1657 verso
240 1629 401 1671 'genere
434 1618 618 1670 dicatur3
660 1618 742 1659 nisi
775 1631 871 1657 cum
906 1618 956 1658 de
989 1630 1088 1658 vero
1113 1617 1363 1672 ambigetur,
1397 1618 1509 1671 quod

95 1690 244 1742 quaeri
285 1690 527 1730 coniectura
567 1690 711 1732 501013ς
793 1689 988 1744 Denique
1036 1696 1117 1744 top.
1158 1688 1226 1742 25,
1262 1692 1314 1730 95
1363 1690 1508 1731 eadem

92 1773 160 1802 res
191 1762 250 1802 ita
281 1765 499 1803 tractatur:
544 1762 653 1815 „Sed
687 1775 796 1816 quae
829 1776 883 1803 ex
915 1766 1031 1803 statu
1064 1764 1277 1803 contentio
1313 1762 1508 1810 efficitur,

92 1846 185 1875 eam
218 1834 366 1876 Graeci
398 1831 643 1890 κρινόμενον
665 1840 830 1881 vocant.
900 1834 1003 1875 Mihi
1034 1836 1171 1888 placet
1192 1836 1235 1875 id
1268 1868 1276 1877 .
1312 1869 1319 1876 .
1358 1868 1365 1875 .
1402 1849 1508 1889 „qua

93 1906 144 1947 de
186 1919 231 1947 re
277 1908 441 1960 agitur“
486 1910 643 1950 vocari.
721 1907 887 1957 Quibus
933 1912 1075 1948 autem
1122 1908 1199 1947 hoc
1238 1921 1345 1961 „qua
1380 1907 1429 1947 de
1462 1921 1506 1948 re

91 1979 252 2033 agitur“
285 1981 537 2033 continetur,
571 1993 618 2021 ea
652 1982 916 2021 continentia,
949 1986 1168 2031 vocentur,
1211 1980 1335 2033 quasi
1366 1979 1506 2020 firina-

90 2055 236 2093 menta
270 2051 540 2106 defensionis,
573 2053 729 2106 quibus
766 2053 945 2094 sublatis
979 2053 1166 2093 defensio
1202 2051 1321 2092 nulla
1354 2053 1444 2093 sit.“

235 2123 299 2166 De
331 2125 410 2166 hac
450 2124 666 2165 Ciceronis
705 2126 906 2178 doctrina,
948 2139 1074 2179 quam
1115 2126 1238 2166 modo
1279 2138 1332 2165 ex
1371 2126 1506 2178 ipsius

88 2195 209 2238 libris
255 2199 562 2251 exscripsimus
612 2198 861 2252 diligentius
910 2199 995 2252 egit
1042 2199 1304 2239 Volkmann:
1363 2198 1504 2251 „Rhea

90 2268 127 2311 d.
161 2269 232 2312 Gr.
267 2283 307 2310 u.
340 2267 419 2311 R“2
451 2284 492 2324 p.
529 2271 774 2313 102—105.
838 2271 1106 2324 Quamquam
1131 2272 1229 2311 huic
1264 2272 1351 2311 viro
1384 2271 1504 2311 docto

84 2341 268 2383 libenter
299 2343 572 2384 concedimus
612 2346 743 2383 totam
783 2343 901 2383 illam
941 2344 1248 2398 expositionem
1285 2342 1500 2384 Ciceronis

88 2414 312 2455 obscuram
352 2417 614 2469 cognituque
656 2415 945 2456 difficillimam
990 2429 1093 2468 0550,
1131 2420 1271 2456 tamen
1312 2428 1409 2456 eum
1457 2417 1500 2456 111

86 2487 166 2527 hoc
205 2489 331 2540 sequi
375 2501 459 2528 non
504 2501 747 2541 possumus,
787 2489 900 2541 quod
940 2488 1183 2529 Ciceronem
1232 2489 1500 2541 vituperavit,

89 2561 185 2614 quia
219 2560 612 2613 „constitutionem“
646 2561 712 2600 hic
740 2561 820 2601 alia
842 2562 1004 2602 ratione
1027 2565 1153 2615 atque
1176 2561 1260 2601 illic
1286 2560 1504 2602 definisset

86 2645 265 2687 eamque
297 2646 393 2673 cum
426 2634 725 2686 „quaestione“
758 2633 1030 2675 confudisset.
1096 2632 1215 2674 Dixit
1256 2634 1368 2674 enim
1402 2634 1428 2675 1.
1463 2647 1498 2674 c.

83 2720 125 2761 p.
161 2706 241 2746 102
275 2706 396 2747 haec:
437 2704 603 2758 „Cicero
643 2705 772 2747 selbst
803 2707 874 2747 hat
907 2706 1059 2747 vorher
1098 2707 1164 2747 die
1204 2719 1279 2747 aus
1319 2707 1497 2747 intentio
