1863 3146
673 208 937 253 —.101—

99 325 142 365 in
190 325 268 365 hac
313 324 485 378 quidem
530 326 815 366 controversia
858 326 938 366 loci
971 337 1219 366 communes
1250 326 1509 379 praetermit-

98 397 216 439 tendi
247 399 359 438 sunt.

239 468 386 510 Restat
417 468 667 524 definitioff)
716 470 791 511 ubi
825 471 969 512 Cicero
1014 471 1120 511 nihil
1152 471 1253 511 novi
1284 471 1510 524 praecepit,

101 542 175 584 sed
204 542 392 596 legentes
425 541 478 582 ad
510 542 625 582 locos
657 543 701 582 in
736 544 1036 584 constitutione
1070 543 1286 584 definitiva
1308 545 1510 584 tractatos

103 615 319 669 delegasse
351 615 453 655 satis
486 627 577 655 esse
609 615 886 656 existimavit.

527 702 566 742 5.
611 699 680 741 De
728 702 1084 743 conclusione.

241 773 419 814 Exitum
459 776 500 814 et
532 773 927 814 determinationem
962 775 1096 817 totius
1130 775 1331 815 orationis
1365 774 1511 815 Cicero

104 848 154 888 de
184 847 269 888 inv.
317 846 349 899 I,
394 846 519 898 52,98
567 846 882 886 conclusionem
932 848 1114 898 vocavit,
1164 859 1247 901 quo
1301 846 1511 887 vocabulo

104 921 228 961 etiam
261 919 312 960 de
345 932 405 960 or.
436 918 492 970 II,
527 918 681 970 81,332
724 932 831 959 usus
871 922 945 971 est,
993 932 1089 960 oum
1138 920 1231 960 aliis
1262 920 1366 960 locis
1399 919 1510 959 hano

102 995 261 1044 partem
283 992 593 1046 perorationem
622 989 900 1045 appellaret.2)
964 990 1100 1039 Quam
1124 992 1174 1032 de
1204 992 1292 1033 inV.
1316 991 1349 1044 I,
1384 992 1509 1040 :5298

102 1066 148 1105 in
179 1068 263 1106 tres
294 1067 434 1118 partes
469 1063 710 1105 distribuit:
751 1065 1127 1117 enumerationem,
1160 1065 1510 1118 indignationem,

103 1138 465 1192 conquestionem,
515 1138 565 1178 de
612 1141 717 1191 part.
752 1150 808 1178 or.
846 1125 968 1188 1543?
1018 1140 1159 1178 autem
1209 1137 1313 1178 duas
1346 1140 1512 1177 tantum

107 1213 146 1252 ei
178 1210 375 1252 subiecit:
411 1209 781 1263 amplificationem
807 1214 847 1250 et
879 1210 1259 1251 enumerationem.
1322 1209 1373 1249 In
1407 1222 1510 1250 enu-

102 1284 334 1325 meratione
366 1283 618 1337 gravissima
651 1295 809 1335 eorum,
855 1295 988 1336 „quae
1021 1283 1209 1336 disperse
1248 1283 1288 1321 et
1333 1279 1510 1320 diffuse“

103 1357 212 1398 diota
243 1359 356 1409 sunt,
386 1356 534 1410 paucis
568 1355 709 1396 verbis
741 1358 990 1409 repetantur
1023 1358 1194 1409 oportet,
1240 1367 1324 1407 quo
1357 1353 1511 1393 melius

102 1428 157 1469 ab
185 1428 453 1469 auditoribus
484 1426 801 1484 retineantur.3)
863 1428 945 1470 Sed
978 1429 1217 1469 cavendum
1251 1430 1313 1467 est
1345 1426 1511 1475 oratori,

100 1513 154 1543 ne
186 1501 468 1542 similitudine
502 1513 593 1552 eos,
632 1503 705 1555 qui
738 1501 929 1553 audiunt,
969 1501 1179 1555 defatiget,
1220 1512 1350 1554 quare
1383 1511 1511 1552 quam

100 1574 332 1614 maximam
366 1575 613 1615 varietatem
657 1574 858 1615 adhibere
900 1574 1046 1627 debet3
1097 1587 1225 1628 quam
1259 1572 1419 1624 efficiet,
1465 1574 1512 1611 ut

101 1646 304 1687 discimus
337 1646 388 1687 de
419 1647 504 1687 inv.
526 1646 560 1699 Ι,
593 1647 880 1700 52,99--ΙΟΟ,
911 1648 1098 1701 primum
1131 1648 1164 1687 si
1199 1659 1278 1699 „ex
1310 1659 1389 1686 sua
1421 1656 1512 1698 per-

99 1720 224 1760 sona“
259 1732 320 1773 ea,
351 1732 459 1773 quae
499 1719 618 1772 dixit,
659 1720 887 1773 collegerit,
933 1720 1086 1760 deinde
1119 1721 1154 1760 si
1188 1720 1336 1772 „aliam
1369 1729 1512 1771 perso-

101 1805 198 1832 nam
232 1795 305 1833 aut
355 1804 444 1833 rem
492 1792 707 1846 aliquam“
756 1792 942 1833 breviter
987 1792 1060 1831 illa
1109 1793 1431 1832 enumerantem
1475 1793 1516 1829 et

99 1864 462 1918 redintegrantem
507 1864 663 1905 fecerit.
752 1864 806 1904 Et
855 1863 1021 1904 duabus
1073 1863 1245 1916 Quidem
1293 1863 1337 1902 in
1384 1861 1513 1902 rebus

102 1935 249 1977 Cicero
282 1937 392 1977 hano
439 1940 600 1990 partem
648 1937 935 1977 conclusionis
974 1936 1165 1977 adhiberi
1197 1935 1291 1975 vult
1324 1934 1374 1975 de
1406 1937 1512 1987 part.

99 2021 158 2050 or.
195 2009 342 2061 17‚59:
381 2009 440 2061 „si
474 2012 549 2049 aut
593 2010 822 2050 memoriae
862 2008 1028 2049 diffidas
1061 2021 1222 2060 eorum,
1259 2007 1372 2062 apud
1407 2019 1513 2060 quos

100 2094 212 2134 agas,
258 2082 326 2123 vel
373 2082 591 2123 intervallo
631 2082 833 2135 temporis
882 2082 947 2122 vel
994 2081 1260 2135 longitudine
1312 2080 1512 2120 orationis

100 2156 176 2194 aut
219 2153 498 2208 frequentatis
546 2154 826 2195 firmamentis
875 2155 1074 2195 orationis
1122 2159 1163 2194 et
1208 2153 1395 2194 breviter
1439 2165 1512 2194 ex-

98 2227 250 2280 positis
281 2227 369 2267 vim
402 2231 465 2268 est
496 2226 691 2267 habitura
723 2240 852 2269 causa
885 2228 1121 2268 maiorem.‘·

241 2298 540 2353 Indignatione
589 2303 743 2353 autem,
792 2313 901 2354 quae
938 2301 980 2340 in
1015 2301 1150 2354 primo
1199 2299 1405 2339 librorum
1438 2297 1514 2351 „de

102 2369 375 2412 inventione“
423 2372 555 2413 altera
601 2386 698 2427 pars
752 2374 1039 2414 conclusionis
1087 2373 1197 2413 facta
1242 2374 1317 2423 est,
1366 2370 1512 2412 Cicero

240 2487 277 2530 1)
303 2487 346 2522 de
369 2488 439 2522 inv.
465 2488 512 2530 ΙΙ,
537 2492 801 2534 51‚153—154;
828 2490 886 2524 cfr.
913 2501 947 2534 p,
975 2493 1030 2526 93.

243 2545 278 2590 2)
304 2546 401 2584 Brut.
421 2551 566 2591 51,190;
593 2550 739 2595 57,209;
769 2562 817 2585 or.
844 2554 990 2594 3:3‚12123
1017 2552 1162 2593 36,127;
1190 2552 1336 2594 37‚13o;
1363 2549 1406 2583 de
1424 2550 1513 2593 part.

113 2616 164 2641 or.
190 2609 263 2651 1‚3;
289 2609 388 2649 5,15;
415 2612 534 2652 15‚52;
575 2612 647 2654 top.
674 2612 797 2655 26,98;
836 2613 877 2646 de
904 2622 953 2646 or.
979 2611 1025 2653 II,
1052 2613 1158 2652 19‚80
1183 2613 1301 2646 autem
1325 2611 1516 2654 utrumque

113 2665 326 2701 vocabulum
353 2668 550 2704 adhibitum
573 2671 746 2707 videmus.

250 2727 285 2773 3)
313 2727 355 2762 de
378 2728 448 2763 inv.
474 2729 504 2773 Ι,
529 2733 650 2775 52,98;
675 2736 820 2776 52‚1CO;
848 2734 890 2768 de
916 2735 1007 2778 part.
1034 2743 1081 2769 or.
1111 2735 1225 2777 1750.
