1863 3146
170 327 343 381 quidem
390 327 440 368 de
487 327 670 368 statibus
715 327 970 380 exquisitius
1016 329 1055 367 et
1100 326 1341 367 distinctius
1376 325 1588 379 disseruit,

169 403 218 441 ut
245 401 326 440 iam
362 413 490 453 supra
523 400 965 451 commemoravimus,
999 399 1166 448 delinV.
1201 398 1232 451 Ι,
1257 400 1295 451 8,
1319 399 1583 450 10-13,18.

170 472 289 521 Quae
334 474 382 512 ut
427 472 768 513 demonstremus
810 471 915 511 nihil
949 484 1056 525 opus
1090 474 1164 524 est,
1204 484 1331 524 quam
1366 474 1413 512 ut
1445 472 1587 511 omnia

167 546 375 599 graviora,
423 557 533 597 quae
582 545 635 585 ad
681 546 790 585 liano
834 556 922 584 rem
972 545 1200 597 pertinent,
1249 544 1584 585 conscribamus

169 616 290 657 Dixit
320 617 451 671 igitur
483 618 508 659 l.
543 631 600 657 o.:
636 616 809 669 „Omnis
842 629 921 669 res,
956 629 1063 670 quae
1095 615 1221 657 habet
1253 617 1296 656 in
1331 628 1375 657 se
1407 617 1582 669 positam

167 691 211 730 in
248 690 430 730 dictione
469 703 516 730 ao
555 689 859 743 disceptatione
902 689 1089 742 aliquam
1123 689 1470 736 controversiam,
1511 692 1586 729 aut

168 762 267 803 facti
319 765 395 802 aut
450 763 636 802 nominis
691 767 765 803 aut
815 762 984 815 generis
1042 764 1115 800 aut
1169 761 1346 801 actionis
1399 762 1587 801 continet

171 835 477 888 quaestionem.
510 867 519 876 .
546 866 582 876 ..
617 833 724 874 Cum
772 834 872 874 facti
919 821 1206 874 controversia
1254 837 1329 886 est,
1383 835 1585 887 quoniam

172 907 430 947 coniecturis
478 920 606 947 causa
659 907 944 955 confirmatur,
996 906 1240 946 constitutio
1287 907 1586 947 coniecturalis

170 979 419 1033 appellatur.
490 979 598 1020 Cum
632 982 772 1020 autem
807 979 1004 1030 nominis,
1050 979 1151 1031 quia
1184 979 1247 1019 vis
1280 979 1477 1019 vocabuli
1516 979 1586 1020 de-

169 1051 358 1092 finienda
392 1051 532 1092 verbis
566 1060 640 1104 est,
658 1053 905 1092 constitutio
939 1051 1155 1091 definitiva
1187 1052 1440 1092 nominatur.
1479 1051 1583 1092 Cum

171 1137 285 1177 vero,
318 1124 456 1178 qualis
488 1137 556 1165 res
589 1125 654 1177 sit,
687 1125 922 1178 quaeritur,
963 1125 1062 1176 quia
1098 1121 1169 1179 [et]
1205 1124 1255 1164 de
1288 1125 1329 1164 vi
1362 1128 1401 1164 et
1435 1125 1485 1165 de
1516 1137 1587 1177 ge-

171 1209 274 1239 nere
306 1198 465 1250 negotii
488 1197 777 1238 controversia
805 1200 879 1249 est,
902 1197 1147 1237 constitutio
1169 1197 1377 1250 generalis
1402 1200 1587 1237 vocatur.

170 1270 225 1310 At
256 1283 353 1310 oum
389 1282 443 1310 ex
475 1282 523 1310 eo
555 1271 725 1323 pendet,
770 1270 872 1323 quia
917 1282 1002 1309 non
1048 1272 1121 1309 aut
1162 1271 1198 1310 is
1243 1282 1366 1323 agere
1404 1270 1586 1322 videtur⁷

174 1355 299 1396 quem
335 1345 511 1396 oportet,
557 1346 628 1383 aut
671 1341 793 1397 [non]
839 1355 935 1382 cum
976 1354 1036 1392 eo,
1086 1343 1259 1395 quicum
1293 1346 1466 1396 oportet,
1513 1346 1587 1383 aut

176 1413 296 1471 [non]
333 1415 446 1469 apud
481 1428 600 1468 quos,
645 1428 727 1468 quo
770 1418 970 1468 tempore,
1011 1428 1096 1467 qua
1128 1416 1233 1467 lege,
1281 1428 1365 1468 quo
1398 1416 1586 1467 crimine,

173 1501 255 1542 qua
288 1500 424 1542 poena
457 1491 630 1541 oportet,
679 1487 928 1528 translativa
976 1487 1132 1527 dicitur
1179 1489 1437 1540 constitutio⁷
1486 1488 1586 1541 quia

171 1561 280 1601 aetio
335 1561 624 1601 translationis
681 1565 722 1600 et
779 1560 1123 1600 commutationis
1167 1559 1357 1613 indigere
1405 1560 1585 1601 videtur.

170 1635 314 1686 Atque
361 1633 516 1673 harum
566 1633 752 1686 aliquam
797 1633 840 1672 in
886 1644 1010 1672 omne
1050 1644 1202 1672 causae
1231 1645 1365 1685 genus
1398 1633 1586 1674 incidere

170 1718 344 1747 necesse
393 1708 469 1747 est.
531 1704 639 1746 Nam
678 1706 721 1745 in
762 1718 888 1758 quam
928 1717 1012 1744 rem
1062 1717 1147 1744 non
1187 1705 1397 1756 inciderit,
1446 1706 1490 1745 in
1539 1718 1585 1746 ea

172 1776 281 1818 nihil
327 1790 420 1819 esse
458 1779 611 1831 poterit
651 1778 986 1828 controversiae3
1039 1789 1170 1829 quare
1204 1788 1294 1816 eam
1328 1789 1382 1818 ne
1414 1791 1585 1818 causam

172 1850 349 1904 quidem
396 1851 596 1891 convenit
632 1852 784 1904 putari.
851 1850 974 1903 ςΞ,11.
1035 1850 1098 1889 Ao
1139 1848 1235 1888 facti
1281 1851 1453 1902 quidem
1487 1864 1586 1891 con-

171 1922 416 1976 troversia1)
450 1924 495 1963 in
528 1924 669 1963 omnia
707 1927 895 1976 tempora
932 1925 1072 1975 potest
1106 1921 1250 1962 tribui.
1313 1921 1433 1974 Nam,
1482 1922 1585 1975 quid

171 1996 329 2037 factum
363 1997 428 2049 sit,
471 1999 609 2049 potest
651 1998 798 2049 quaeri
833 2029 840 2037 .
876 2028 885 2038 .
922 2027 929 2035 .
964 1998 1005 2035 et
1038 1994 1143 2047 quid
1175 1993 1249 2034 fiat
1282 2027 1288 2035 .
1324 2027 1330 2034 .
1365 2026 1374 2036 .
1408 1998 1448 2035 et
1481 1995 1584 2048 quid

170 2069 366 2110 futurum
398 2069 452 2109 sit
495 2100 505 2110 .
542 2101 550 2109 .
586 2102 593 2110 .
659 2066 890 2123 Nominis2)
933 2071 996 2108 est
1043 2068 1340 2119 controversia,
1388 2080 1486 2107 cum
1534 2067 1586 2107 de

170 2141 281 2182 facto
314 2141 515 2181 convenit
546 2144 586 2181 et
619 2143 849 2195 quaeritur,
882 2141 925 2180 id
960 2140 1073 2193 quod
1106 2139 1265 2181 factum
1299 2144 1361 2180 est
1395 2153 1476 2193 quo
1510 2152 1585 2179 no-

171 2214 285 2254 mine
318 2213 565 2267 appelletur.
601 2247 609 2256 .
646 2248 653 2256 .
689 2247 696 2254 .
747 2213 889 2263 Quare
927 2214 970 2253 in
1011 2212 1220 2252 eiusmodi
1252 2212 1481 2266 generibus
1515 2212 1584 2252 de-

169 2286 358 2327 finienda
401 2298 467 2326 res
520 2287 600 2326 erit
647 2287 789 2328 verbis
833 2289 872 2327 et
915 2286 1102 2326 breviter
1145 2283 1434 2325 describenda.
1487 2316 1494 2323 .
1534 2318 1541 2325 .
1578 2318 1586 2325 .

174 2360 296 2412 9,12.
364 2357 580 2413 Generisss)
628 2363 690 2400 est
729 2359 1027 2410 controversia,
1073 2371 1171 2398 cum
1211 2361 1250 2398 et
1291 2357 1393 2410 quid
1426 2357 1585 2397 factum

172 2432 238 2485 sit,
270 2432 482 2483 convenit,
515 2435 567 2484 et,
600 2445 684 2486 quo
711 2432 753 2472 id
777 2432 935 2472 factum
961 2431 1135 2470 nomine
1160 2430 1359 2483 appellari
1385 2432 1582 2483 oporteat,

171 2507 355 2554 constat3
404 2507 445 2543 et
488 2507 644 2553 tamen,
695 2508 901 2557 quantum
949 2510 988 2544 et
1035 2502 1277 2542 cuiusmodi
1319 2505 1358 2542 et
1411 2502 1584 2543 omnino

310 2611 344 2655 1)
371 2611 430 2646 cfr.
458 2608 500 2641 (le
525 2608 598 2644 inv,
624 2608 674 2652 Π,
702 2612 734 2652 4,
752 2612 804 2645 14.

312 2671 346 2716 2)
373 2670 436 2708 cfr.
462 2671 504 2704 de
530 2670 603 2704 inv.
629 2669 675 2710 II,
705 2672 757 2711 17,
773 2672 827 2704 52.

313 2733 347 2774 3)
373 2731 436 2767 cfr.
463 2732 505 2766 de
530 2731 600 2766 inv.
626 2731 672 2776 Π,
698 2733 754 2772 21,
770 2732 825 2765 62.
