1863 3146
704 207 966 247 -105—

129 324 254 377 26,87
290 327 431 365 autem
467 323 614 374 Cicero
648 324 757 365 sales
782 325 826 364 in
858 323 1029 364 facetias
1062 326 1103 363 et
1135 322 1399 363 dicacitatem
1431 321 1537 362 divi-

128 397 194 450 sit,
227 410 408 450 quarum
443 396 541 437 illae
574 396 717 437 eadem
751 395 991 450 significant
1025 407 1073 435 ac
1106 394 1330 436 cavillatio.
1402 393 1537 435 Locos

127 468 296 509 ridiculi
327 468 480 510 Caesar
524 469 835 522 turpitudinem
871 472 910 509 et
943 467 1252 509 deformitatem
1286 480 1377 508 esse
1410 467 1536 519 dixit3

128 553 183 582 ex
213 541 266 582 iis
299 544 440 583 orator
471 541 692 581 occasione
726 541 823 582 data
857 543 996 582 sumat
1028 541 1156 590 iocos,
1189 539 1261 580 sed
1295 542 1453 592 caveat,
1486 552 1540 581 ne

129 626 253 667 quem
300 614 464 667 illudat,
511 614 586 667 qui
633 616 705 654 aut
752 613 1044 653 misericordia
1092 612 1248 665 dignus
1287 615 1348 653 est
1380 615 1455 653 aut
1487 612 1538 653 ab

133 686 333 727 omnibus
366 687 567 740 diligitur,
613 697 720 726 neve
751 686 871 725 iocus
904 688 1003 734 „aut
1035 683 1261 739 scurrilisl)
1297 687 1370 725 aut
1401 685 1538 724 mimi-

128 756 243 813 cus2)
276 758 349 799 fiat
381 762 456 800 aut
486 757 706 812 improbus
739 761 810 798 aut
841 755 1153 812 inhumanus-³)

268 831 509 872 Versantur
560 833 704 871 autem
762 820 949 883 facetiae,
1018 843 1125 884 quae
1173 829 1447 884 proferuntur
1494 832 1538 869 in

127 903 315 944 oratione
333 907 407 944 aut
423 904 465 942 in
483 915 528 943 re
547 900 616 958 [z
637 902 876 956 cavillatio],
891 905 963 943 aut
979 903 1021 942 in
1041 903 1150 943 dicto
1176 900 1246 958 [z
1263 900 1477 958 dicacitas]
1491 900 1538 956 ἢ)

125 973 246 1016 illius
295 976 380 1017 duo
415 978 518 1032 sunt
548 987 716 1028 genera,
763 987 948 1028 quorum
980 976 1025 1015 in
1059 975 1190 1015 altero
1224 974 1415 1028 „aliquid
1445 977 1539 1014 tan-

129 1061 258 1101 quam
289 1047 443 1089 fabella
475 1050 709 1100 narratur&
742 1048 921 1088 alterum
956 1060 1032 1100 „ex
1056 1047 1284 1101 depravata
1306 1048 1540 1087 imitatione

128 1122 242 1161 sumi
275 1122 424 1173 solet“;
477 1122 521 1162 in
554 1121 633 1161 hoc
664 1134 766 1162 vero
799 1120 1030 1160 ridiculum
1063 1119 1192 1160 verbo
1226 1123 1299 1160 aut
1331 1121 1541 1160 sententia

130 1193 327 1247 efficitur,
374 1193 449 1234 ubi
497 1194 651 1234 oratori
697 1193 929 1234 videndum
963 1196 1037 1245 est,
1084 1205 1136 1233 ne
1170 1205 1297 1246 quem
1331 1205 1417 1233 non
1450 1192 1542 1233 vult

128 1265 294 1319 illudat,
342 1267 443 1320 quia
489 1268 608 1307 iocus
657 1279 706 1307 ea
753 1278 798 1306 re
832 1265 1024 1306 scurrilis
1055 1264 1102 1305 fit
1134 1277 1241 1306 neve
1271 1265 1378 1306 illud
1410 1265 1542 1306 facete

125 1338 286 1379 dictum
326 1340 556 1393 cogitatum
590 1342 663 1378 aut
701 1340 949 1379 arcessitum
999 1350 1090 1378 esse
1136 1338 1348 1388 videatur,
1412 1339 1537 1378 etiam

126 1412 330 1465 temporis
377 1415 515 1452 orator
561 1412 605 1451 in
650 1412 729 1452 hoc
776 1424 931 1465 genere
963 1411 1133 1451 iocandi
1167 1411 1537 1464 diligentissimam

124 1485 331 1524 rationem
365 1483 520 1525 habere
554 1483 727 1540 debet-²³)
789 1485 870 1526 Sed
904 1484 1036 1525 multo
1070 1484 1229 1524 maiore
1263 1484 1538 1524 delectatione

125 1556 339 1597 auditores
372 1556 630 1608 afficiuntur,
663 1558 698 1598 si
732 1558 815 1598 duo
848 1558 920 1598 illa
952 1556 1230 1597 ridiculorum
1252 1568 1408 1609 genera
1430 1557 1541 1596 inter

126 1641 172 1670 se
203 1630 535 1684 coniunguntur.
830 1681 835 1683 ·

269 1701 473 1754 Facetiae,
507 1714 615 1755 quae
647 1703 690 1742 in
726 1703 834 1743 dicto
868 1703 1025 1756 positae
1058 1708 1169 1755 sunt,
1201 1703 1389 1743 maxime
1422 1701 1542 1742 audi-

126 1776 265 1815 torum
285 1787 438 1815 sensus
455 1778 640 1825 movent,
663 1776 698 1816 si
712 1775 851 1815 verbis
869 1774 1077 1828 ambiguis
1096 1779 1234 1815 orator
1249 1777 1295 1814 in
1312 1775 1365 1815 iis
1383 1776 1539 1827 utitur,

127 1846 202 1887 sed
223 1859 308 1887 non
333 1850 416 1888 tam
440 1848 572 1888 risum
597 1848 786 1900 eliciunt,
820 1861 946 1900 quam
972 1848 1304 1889 admirationem.
1347 1847 1538 1896 Quarum

126 1931 284 1973 genera
334 1920 580 1960 invenimus
634 1922 824 1974 exposita
873 1920 923 1960 de
964 1933 1024 1961 or.
1061 1920 1536 1974 II‚63‚·255—65,263;

125 1995 265 2045 potest
312 1993 424 2033 enim
465 1996 602 2032 orator
646 1993 761 2033 aliud
803 1994 951 2045 dicere,
996 2006 1090 2033 cum
1133 1994 1247 2034 aliud
1292 1996 1539 2047 expectetur

127 2067 201 2104 aut
239 2077 294 2105 ex
339 2064 459 2105 verbi
508 2066 802 2106 immutatione
850 2067 990 2106 iocum
1038 2078 1206 2106 sumere
1255 2069 1327 2106 aut
1364 2079 1536 2107 versum

129 2149 332 2178 versusve
364 2142 526 2191 partem
569 2139 857 2193 interponere3
899 2137 1050 2178 deinde
1087 2139 1222 2179 risum
1270 2138 1467 2191 movebit,
1501 2137 1539 2179 si

127 2219 240 2259 „rem
273 2221 357 2248 non
392 2210 443 2250 ad
479 2211 671 2263 verbum,
704 2211 776 2251 sed
811 2210 861 2250 ad
880 2213 1133 2251 sententiam
1152 2213 1340 2265 accipere
1358 2212 1538 2265 videtur,

127 2283 200 2321 aut
232 2294 286 2323 ex
317 2282 542 2324 immutata
561 2285 752 2324 oratione
770 2286 843 2324 aut
861 2296 913 2324 ex
947 2284 1077 2324 unius
1110 2284 1227 2326 verbi
1260 2285 1537 2326 translatione

268 2486 301 2530 1)
330 2487 372 2521 de
397 2496 445 2521 or.
471 2486 518 2528 ΙΙ,
545 2488 600 2527 59,
630 2487 713 2526 239;
754 2487 810 2530 60,
836 2487 919 2526 2443
959 2496 1007 2523 or.
1034 2490 1088 2532 26,
1115 2489 1172 2524 88.

268 2545 302 2591 2)
329 2547 371 2581 de
397 2558 447 2584 or.
473 2546 523 2592 Π,
549 2549 604 2591 59,
632 2549 715 2589 2393
754 2548 811 2590 59,
837 2549 921 2587 2423
959 2557 1008 2582 or.
1035 2550 1090 2590 26,
1118 2550 1173 2584 88.

266 2608 301 2651 3)
328 2617 380 2644 or.
405 2611 461 2650 26,
488 2610 543 2644 88.

265 2667 302 2712 4)
329 2667 392 2702 cfr.
419 2669 462 2703 de
487 2679 534 2705 or.
561 2668 607 2711 Π,
636 2670 778 2711 54,218;
806 2668 954 2714 59‚239;
979 2670 1124 2714 61‚24S;
1152 2672 1291 2711 62‚252.

267 2729 303 2772 5)
329 2727 391 2764 cfr.
419 2739 467 2763 or.
495 2732 610 2772 26,89.
