1863 3146
762 200 964 239 -7-

142 319 313 359 -tionem
359 317 520 370 fecisse,
567 331 665 359 cum
714 330 773 369 ea,
822 329 929 371 quae
962 316 1139 357 Crassus
1186 316 1232 355 in
1281 316 1415 368 primo
1461 314 1568 355 libro

156 393 436 444 praeceperat,
467 390 653 431 breviter
684 393 900 444 repeteret.

297 461 554 515 Priusquam
600 474 837 516 perganum,
885 462 1030 515 paucis
1077 460 1218 501 verbis
1268 460 1443 500 Antonii
1476 472 1570 501 sen—

152 535 326 575 tentiam
379 533 733 588 comprehendere
785 533 907 574 nobis
966 533 1109 574 liceat:
1169 532 1235 572 Ex
1282 534 1386 573 locis
1444 534 1568 573 modo

156 607 292 647 citatis
339 609 510 660 apparet
557 619 656 647 eum
704 607 972 660 partitionem
1012 607 1210 646 materiae
1243 607 1287 645 in
1321 619 1494 646 causam
1527 609 1566 646 et

155 680 200 719 in
249 679 543 732 quaestionem
593 680 765 719 omnino
813 678 1122 732 improbavisse
1170 682 1407 732 propterea,
1456 678 1569 731 quod

156 764 302 793 omnes
351 752 621 804 quaestiones
669 751 808 792 finitas
857 751 908 791 ad
956 763 1092 803 genus
1142 751 1393 791 universum
1427 750 1573 790 tradu-

155 825 311 866 cendas
357 836 448 864 esse
481 825 752 876 existimavit,
781 823 839 863 ‘id
880 823 993 876 quod
1026 823 1077 863 de
1111 836 1170 862 or.
1203 822 1257 873 H,
1293 824 1360 874 31,
1398 824 1491 875 133,
1524 826 1570 863 ut

155 897 279 938 modo
331 897 530 948 vidimus,
578 897 762 949 aliisque
810 897 912 937 locis
944 896 1172 949 praecepit,
1224 909 1322 936 nam
1357 897 1484 936 etiam
1519 896 1569 936 de

155 982 214 1011 or.
248 969 304 1021 II,
339 969 406 1021 31,
441 969 524 1009 134
570 969 771 1022 legimus:
823 968 977 1021 „Nulla
1026 968 1210 1021 denique
1244 971 1307 1008 est
1339 980 1479 1017 causa,
1526 969 1570 1008 in

158 1055 240 1096 qua
270 1041 325 1094 id,
360 1042 474 1095 quod
506 1042 549 1081 in
583 1042 791 1081 iudicium
827 1040 955 1092 venit,
988 1052 1155 1080 reorum
1188 1042 1379 1094 personis
1412 1054 1460 1082 ac
1485 1054 1570 1082 non

154 1126 360 1169 generum
410 1114 597 1168 ipsorum
649 1115 851 1154 universa
883 1113 1169 1166 disputatione
1203 1118 1434 1166 quaeratur
1450 1114 1483 1165 3⁹·
1532 1118 1572 1154 et

156 1187 351 1228 similiter
398 1186 449 1227 de
497 1199 556 1228 or.
595 1185 652 1235 Π,
700 1187 767 1235 31,
805 1186 905 1225 135;
953 1184 1092 1238 „Quin
1133 1186 1260 1226 etiam
1292 1188 1336 1226 in
1368 1185 1422 1227 iis
1455 1188 1570 1240 ipsis,

158 1259 230 1300 ubi
281 1260 332 1300 de
363 1259 472 1300 facto
506 1259 749 1312 ambigitur,
796 1259 1010 1312 ceperitne
1043 1259 1247 1311 pecunias
1281 1263 1426 1299 contra
1458 1259 1571 1312 leges

159 1332 208 1373 P.
242 1331 418 1384 Decius,
465 1335 715 1385 argumenta
762 1335 803 1372 et
849 1332 1077 1372 criminum
1121 1334 1160 1372 et
1217 1331 1476 1372 defensionis
1508 1344 1572 1372 re-

157 1408 364 1446 vocentur
408 1408 571 1458 oportet
619 1404 671 1444 ad
717 1416 855 1458 genus
899 1408 939 1444 et
988 1403 1037 1443 ad
1073 1406 1269 1443 naturam
1302 1405 1569 1444 universam:

250 1510 258 1518 .
290 1480 523 1530 contraque
557 1488 664 1530 quae
697 1489 770 1530 pro
804 1489 874 1517 reo
909 1476 1115 1525 dicentur,
1157 1477 1299 1516 omnia
1332 1477 1572 1517 necessario

157 1563 181 1590 a
212 1553 400 1603 tempore
433 1552 560 1603 atque
583 1549 754 1589 homine
786 1549 838 1588 ad
865 1561 1113 1589 communes
1141 1561 1283 1589 rerum
1307 1553 1347 1590 et
1367 1561 1573 1602 generum

156 1635 346 1675 summas
385 1621 696 1662 revolventur.“
766 1621 874 1661 Tum
908 1621 958 1661 de
992 1634 1047 1660 or.
1082 1620 1137 1672 H,
1179 1620 1244 1673 32,
1284 1622 1361 1661 133
1395 1621 1574 1661 eandem

159 1695 337 1735 Antonii
384 1695 636 1735 sententiam
670 1695 906 1748 reperimus
939 1694 1003 1734 his
1036 1693 1200 1734 verbis:
1251 1694 1354 1748 „Ac,
1401 1695 1437 1734 si
1471 1693 1574 1746 quid

159 1767 277 1808 affert
329 1770 547 1821 praeterea
602 1767 785 1807 hominis
840 1770 912 1807 aut
966 1766 1148 1820 dignitas
1211 1770 1284 1806 aut
1329 1766 1574 1819 indignitas,

159 1844 280 1880 extra
331 1840 626 1892 quaestionem
674 1845 737 1880 est
777 1843 817 1879 et
851 1852 899 1879 ea
932 1842 1073 1879 tamen
1106 1839 1197 1892 ipsa
1230 1840 1361 1879 oratio
1395 1838 1447 1878 ad
1480 1838 1574 1878 uni-

159 1913 272 1953 versi
317 1913 487 1965 generis
521 1912 851 1965 disputationem
883 1911 1090 1952 referatur
1124 1923 1296 1951 necesse
1329 1911 1430 1951 est.“
1492 1908 1574 1950 De-

158 1985 290 2038 nique
337 1984 483 2025 eadem
532 1984 584 2025 ab
633 1988 796 2025 oratore
843 1984 1035 2038 poposcit
1080 1984 1129 2024 de
1178 1997 1236 2024 or.
1286 1982 1573 2035 H,32,140,

159 2069 244 2110 quo
277 2069 331 2098 ex
356 2057 447 2097 loco
480 2058 582 2098 satis
615 2057 800 2097 dilucide
832 2057 1030 2110 cognosci
1061 2060 1207 2110 potest,
1241 2056 1342 2110 quid
1374 2056 1424 2095 de
1447 2067 1575 2108 quae-

158 2128 370 2170 stionibus
401 2128 579 2170 infinitis
613 2141 845 2180 earumque
878 2129 1128 2169 tractatione
1162 2129 1343 2169 oratoria
1376 2128 1574 2180 senserit,

157 2201 301 2242 docuit
333 2202 445 2243 enim
476 2201 590 2242 illico
614 2201 779 2243 Cottam
812 2205 851 2242 et
874 2200 1109 2254 Sulpicium
1143 2202 1219 2241 hoc
1253 2201 1394 2241 modo:
1446 2212 1574 2254 „quo-

157 2274 282 2315 modo
331 2287 449 2315 nunc
497 2287 542 2316 se
573 2276 754 2315 istorum
787 2277 896 2315 artes
928 2272 1097 2325 habent,
1144 2273 1480 2327 pertimescenda
1513 2275 1575 2313 est-

157 2346 388 2388 multitudo
421 2360 666 2398 causarum3
719 2351 781 2389 est
825 2349 938 2388 enirn
984 2345 1162 2397 infinita,
1213 2347 1248 2387 si
1291 2347 1336 2386 in
1382 2346 1574 2400 personis

159 2419 350 2472 ponitur,
401 2423 502 2473 quot
554 2420 767 2471 homines,
817 2422 878 2460 tot
936 2431 1106 2459 causae:
1154 2420 1219 2460 sin
1269 2419 1321 2459 ad
1368 2430 1575 2472 generum

160 2492 385 2533 universas
434 2493 706 2546 quaestiones
739 2492 983 2533 referuntur
1023 2492 1081 2532 ita
1122 2491 1313 2532 modicae
1346 2495 1387 2532 et
1418 2502 1577 2544 paucae

161 2567 272 2616 sunt,
311 2567 359 2604 ut
391 2576 460 2605 eas
493 2577 640 2606 omnes
672 2565 898 2619 diligentes
931 2567 971 2604 et
1004 2576 1212 2605 memores
1246 2567 1287 2605 et
1319 2563 1449 2604 sobrii
1483 2575 1574 2603 ora—

161 2640 274 2677 tores
305 2649 531 2690 percursas
564 2638 705 2678 animo
732 2637 780 2678 'et
810 2648 939 2690 prope
973 2636 1110 2676 dicam
1145 2636 1386 2677 decantatas
1421 2635 1576 2676 habere

163 2708 385 2750 debeant.“
