1863 3146
930 209 1194 250 -106—

356 329 431 366 aut
463 338 517 366 ex
548 325 790 365 inversione
819 325 1091 380 verborum;“
1125 326 1321 384 denique,
1342 329 1466 368 etiam
1500 328 1629 370 verba
1662 343 1762 371 con-

358 399 484 438 trarie
516 397 647 437 relata
677 397 778 437 huic
808 399 954 450 generi
985 398 1255 440 attribuenda
1288 402 1399 441 sunt.

499 469 614 518 Quae
647 481 747 510 vero
779 468 957 511 facetiae
993 471 1038 510 in
1080 470 1210 512 rebus
1227 475 1452 513 versantur
1476 474 1764 528 maioremque

354 542 609 582 hilaritatem
659 543 846 583 excitare
895 543 1041 594 solent,
1092 556 1237 584 earum
1284 544 1408 597 plura
1455 549 1556 586 sunt
1597 559 1766 600 genera,

356 627 464 668 quae
498 614 649 655 Caesar
682 614 733 655 de
772 627 830 655 or.
879 615 1312 668 H,66,264—71,288
1354 619 1637 670 enumeravit3
1691 619 1763 660 sed

356 699 403 727 ea
436 687 515 728 hoo
546 687 638 727 loco
671 689 811 728 omnia
843 687 1029 741 proferre
1062 689 1236 742 longum
1270 693 1333 730 est
1364 702 1505 744 neque
1536 691 1638 731 huic
1679 690 1762 731 dis-

356 761 576 801 sertationi
608 763 955 812 consentaneum,
989 762 1191 814 quoniam
1223 762 1267 801 in
1301 762 1379 802 hac
1411 775 1455 802 re
1493 763 1599 802 nihil
1646 763 1764 803 aliud

354 833 491 873 facere
524 845 757 886 possemUS,
792 845 840 872 ac
873 832 1092 874 Ciceronis
1125 835 1192 875 vel
1212 833 1401 875 Caesaris
1433 835 1563 876 verba
1595 848 1648 876 ex
1680 838 1766 876 tota

351 906 424 945 illa
457 906 737 958 explicatione
768 905 1007 959 transferre,
1048 906 1092 946 id
1141 907 1255 960 quod
1301 910 1495 948 nostrum
1543 920 1633 948 esse
1678 920 1764 948 non

352 981 568 1031 putamuS.
635 977 775 1026 Quare
808 979 908 1019 satis
942 991 1033 1019 esse
1065 980 1233 1020 videtur
1266 992 1314 1020 ea
1347 983 1511 1020 tantum
1532 980 1658 1021 verba
1690 993 1764 1021 ex-

355 1050 553 1103 scribere,
586 1050 742 1103 quibus
777 1049 932 1092 Caesar
979 1053 1134 1104 omnia,
1184 1065 1293 1105 quae
1340 1053 1390 1093 de
1428 1038 1586 1094 facetiis
1633 1053 1763 1094 huius

352 1124 520 1176 generis
551 1124 774 1176 praecepit,
806 1123 991 1165 breviter
1023 1125 1271 1179 complexus
1304 1129 1381 1178 est3
1416 1126 1523 1166 dixit
1567 1126 1680 1166 enim
1714 1126 1765 1167 de

354 1208 411 1236 or.
443 1195 497 1249 II,
534 1195 708 1248 7128&
744 1195 886 1249 „Haec
925 1201 1079 1250 autem,
1126 1210 1236 1250 quae
1284 1201 1384 1238 sunt
1429 1198 1473 1238 in
1521 1210 1566 1238 re
1614 1201 1654 1238 et
1687 1197 1762 1252 [in]

352 1269 444 1322 ipsa
484 1269 707 1321 sententia,
754 1269 948 1322 partibus
993 1273 1096 1311 sunt
1143 1270 1486 1322 innumerabilia,
1535 1270 1763 1323 generibus

351 1353 500 1393 pauca.
578 1340 981 1394 Exspectationibus
1036 1343 1148 1383 enim
1205 1341 1466 1396 decipiendis
1513 1346 1554 1383 et
1600 1343 1764 1383 naturis

353 1413 534 1453 aliorum
566 1414 806 1467 irridendis,
838 1416 1030 1468 ipsorum
1070 1415 1249 1456 ridicule
1282 1415 1521 1456 iudicandis
1554 1418 1594 1455 et
1616 1415 1764 1455 simili-

352 1485 501 1526 tudine
533 1488 732 1540 turpioris
766 1491 807 1528 et
839 1488 1176 1529 dissimulatione
1210 1491 1249 1529 et
1281 1487 1550 1529 subabsurda
1582 1487 1759 1528 dicendo

353 1561 392 1598 et
424 1559 553 1599 stulta
584 1561 930 1613 reprehendendo
962 1562 1074 1602 risus
1106 1562 1366 1602 moventur.“

493 1676 817 1730 Explicavimus
853 1692 959 1731 quae
993 1678 1138 1719 Cicero
1171 1679 1215 1718 in
1256 1679 1422 1732 scriptis
1455 1678 1676 1719 rhetoricis
1710 1678 1762 1719 de

351 1750 488 1802 prima
519 1754 635 1802 parte
669 1749 797 1790 officii
831 1752 1001 1791 oratorii
1049 1751 1203 1793 docuit.
1269 1750 1311 1792 Si
1359 1763 1458 1791 vero
1507 1749 1630 1790 nobis
1676 1762 1762 1790 non

352 1823 540 1875 contigit,
572 1826 620 1863 ut
652 1826 782 1863 totam
815 1827 945 1864 artem
983 1824 1235 1864 rhetoricam
1275 1824 1317 1863 in
1353 1823 1431 1863 hac
1473 1822 1765 1863 dissertatione

353 1894 668 1936 absolveremus
701 1909 836 1949 eaque
869 1909 914 1937 re
948 1896 1192 1937 Ciceronem
1226 1895 1597 1936 adulescentulum
1643 1907 1762 1948 prae-

354 1967 614 2022 cederemus,
649 1970 735 2022 qui,
767 1982 862 2009 cum
897 1969 947 2010 ad
981 1969 1253 2010 scribendum
1302 1981 1346 2009 se
1393 1967 1614 2022 conferret,
1660 1969 1762 2009 item

352 2040 397 2079 in
428 2041 565 2094 primo
599 2042 805 2095 opusculo
839 2043 990 2083 ceteris
1015 2043 1208 2096 partibus
1240 2041 1397 2082 relictis
1420 2041 1766 2094 „inventionem“

351 2115 518 2154 tantum
551 2116 831 2168 pertractavit,
863 2115 969 2156 illud
1003 2118 1113 2156 certe
1145 2127 1223 2155 nos
1255 2114 1443 2154 maxime
1460 2114 1580 2152 iuvat
1612 2112 1759 2153 eadem

354 2185 589 2239 perfecisse,
622 2200 732 2239 quae
763 2188 835 2228 ille
867 2189 912 2227 in
944 2188 1062 2228 libris
1096 2187 1172 2241 „de
1204 2186 1487 2227 inventione“.

958 2398 1162 2450 Errata.

494 2475 587 2520 Lege
613 2487 646 2520 p,
697 2479 720 2512 4
746 2487 777 2510 v.
806 2479 850 2512 18
875 2475 1117 2520 quaestionem
1190 2485 1250 2518 pro
1279 2475 1514 2518 quastionem,

613 2563 631 2578 ,,
671 2538 716 2571 25
750 2564 770 2578 ,‚
806 2539 848 2571 17
875 2534 989 2570 officio
1004 2534 1154 2568 oratoris
1206 2561 1225 2578 ,‚
1275 2533 1423 2568 materia
1448 2534 1545 2568 artis.

536 2621 554 2635 ,,
609 2621 629 2639 ,,
666 2597 710 2630 36
744 2621 763 2636 ,,
796 2596 841 2630 23
867 2603 965 2637 sequ.
1203 2622 1223 2636 ,,
1273 2593 1383 2636 sequi.

532 2679 550 2695 ‚‚
607 2679 626 2694 ,,
665 2655 709 2688 41
743 2679 762 2698 „
819 2656 840 2687 5
867 2651 1074 2696 depulsione
1195 2679 1215 2697 „
1261 2651 1483 2696 impulsione.

611 2738 629 2753 ,,
668 2714 713 2747 43
749 2740 768 2754 ,,
802 2713 847 2747 20
873 2711 1053 2745 continent
1203 2738 1222 2753 ,‚
1273 2711 1437 2746 continet.

533 2798 551 2814 ,.,
609 2797 628 2812 ,,
668 2773 711 2806 77
748 2798 766 2813 ,,
805 2774 847 2806 19
873 2781 938 2805 nos
966 2771 1009 2805 ad
1202 2797 1221 2812 ‚‚
1271 2781 1345 2806 nos.
