1863 3146
747 183 980 223 ...27-

159 301 351 344 subiecta
368 303 433 344 sit.
494 301 625 355 Atqui
648 314 771 342 nemo
799 301 939 342 adhuc
971 301 1140 354 negavit
1172 300 1276 340 tales
1301 300 1573 353 quaestiones

159 388 244 415 non
277 378 360 415 tarn
395 374 446 415 ad
479 374 696 428 proprium
731 374 908 413 oratoris
941 372 1141 425 officium,
1188 385 1316 426 quam
1357 372 1409 412 ad
1442 375 1572 412 mate-

158 448 265 488 riam
297 447 564 500 eloquentiae
595 447 820 500 pertinere.
885 444 996 498 Ergo
1030 447 1143 486 sicut
1174 446 1270 486 illae
1304 446 1573 498 quaestiones

159 520 379 560 materiam
412 519 457 559 10
489 531 645 572 genera
679 519 745 559 vel
777 521 915 572 partes
948 518 1156 570 dividunt,
1195 520 1253 559 ita
1285 518 1386 558 haec
1417 530 1572 570 genera

160 604 235 633 seu
252 594 390 645 partes
409 590 787 633 constitutionibus
808 592 852 631 10
877 592 1062 631 minores
1079 594 1221 644 partes
1241 589 1572 632 distribuuntur.

301 665 443 718 Atque
473 665 579 705 illud
619 664 846 715 neminem,
894 665 966 717 qui
1001 662 1214 704 Ciceronis
1259 663 1390 704 libros
1434 663 1572 703 rheto-

160 737 268 778 ricos
302 738 543 778 accuratius
587 740 627 777 et
671 736 917 789 diligentius
950 737 1146 789 inspexit,
1195 736 1380 789 effugere
1426 738 1574 789 potest,

161 808 407 850 Ciceronem
438 810 482 849 10
501 810 565 861 iis,
590 822 696 862 quos
729 812 861 850 aetate
892 809 976 848 iam
1010 809 1276 849 corroborata
1309 809 1571 861 conscripsit,

157 881 199 921 id
233 881 466 934 studuisse,
514 885 562 922 ut
607 882 901 935 quaestionum
942 881 1207 921 infinitarum
1239 881 1407 934 partitio
1441 893 1571 934 quam

160 953 346 994 maxime
377 958 630 1008 congrueret
652 967 749 995 cum
768 954 993 1007 partitione
1017 954 1317 1006 quaestionum
1340 953 1571 993 finitarum.

302 1026 384 1068 Sed
423 1027 656 1079 videamus,
705 1026 808 1080 quid
848 1025 991 1066 Cicero
1040 1026 1090 1066 de
1141 1025 1322 1066 statibus
1367 1025 1570 1067 docuerit.

159 1098 304 1140 Primo
348 1100 439 1140 1000
485 1101 528 1140 10
577 1100 654 1140 hac
702 1099 986 1152 explicatione
1033 1098 1264 1139 referamus
1305 1098 1572 1139 definitiones

161 1175 296 1213 status
343 1185 418 1214 seu
465 1173 795 1224 constitutionis,
843 1185 950 1226 quas
1004 1172 1115 1225 apud
1170 1183 1266 1211 eum
1314 1171 1573 1212 invenimus.

159 1243 223 1285 De
254 1246 341 1287 inv,
366 1245 398 1296 I,
423 1246 461 1298 8,
490 1245 542 1285 10
576 1246 921 1286 constitutionem
956 1245 1033 1284 1100
1066 1243 1190 1284 modo
1223 1244 1573 1297 circumscripsit:

160 1316 289 1370 „Eam
322 1318 454 1371 igitur
487 1318 791 1371 quaestionem,
838 1330 893 1358 ex
941 1330 1025 1370 qua
1064 1329 1190 1357 causa
1228 1317 1429 1367 nascitur,
1478 1328 1574 1356 con-

160 1390 426 1430 stitutionem
461 1391 736 1444 appellamus.
812 1389 1066 1430 Constitutio
1101 1392 1163 1429 est
1195 1389 1330 1442 prima
1363 1387 1576 1429 conflictio

161 1475 383 1503 causarum
419 1475 473 1503 ex
507 1463 753 1516 depulsione
784 1463 1036 1503 intentionis
1069 1462 1268 1516 profecta,
1314 1461 1393 1501 hoc
1428 1461 1573 1501 modo:

160 1534 351 1588 ,Fecistif
414 1534 520 1588 ,Nou
553 1535 657 1587 1001,ί
703 1538 794 1576 aut:
842 1534 951 1587 ,Iure
983 1534 1107 1581 feci;“
1154 1538 1193 1574 et
1232 1534 1378 1574 eadem
1412 1535 1576 1574 ratione

160 1608 509 1649 constitutionem
545 1607 596 1648 de
634 1608 723 1648 inv,
756 1608 788 1659 Ι,
838 1607 904 1660 10,
951 1608 1002 1647 13
1048 1607 1203 1647 iterum
1248 1610 1375 1660 atque
1419 1607 1575 1647 iterum

162 1680 437 1733 „intentionis
485 1680 804 1734 (10001510οε30]ιι
853 1680 1092 1734 appellavit.
1177 1679 1297 1719 Idem
1343 1679 1578 1720 certissime

160 1753 293 1793 sensit
324 1753 554 1805 Antonius,
575 1765 671 1793 cum
706 1753 756 1794 de
789 1766 846 1793 or.
865 1752 920 1803 II,
941 1753 1008 1803 30,
1029 1753 1108 1792 132
1145 1752 1320 1793 diceret:
1355 1784 1376 1804 „
1490 1764 1573 1804 quo

160 1831 379 1879 perspecto
411 1826 550 1866 statim
585 1826 768 1866 occurrit
898 1826 1000 1879 quid
1034 1825 1159 1865 faciat
1191 1837 1375 1874 causam,
1422 1824 1465 1864 id
1498 1827 1574 1874 est,

161 1910 245 1951 quo
278 1897 445 1939 sublato
479 1898 766 1938 controversia
798 1901 907 1938 stare
939 1911 1024 1939 000
1057 1898 1226 1951 possit.“
1305 1896 1455 1950 Neque
1493 1897 1575 1936 alia

159 1972 223 2010 est
255 1969 493 2024 descriptio,
528 1983 656 2024 quam
689 1973 833 2011 noster
864 1973 947 2024 top.
984 1971 1050 2020 25,
1081 1971 1135 2012 93
1170 1969 1285 2009 dedit
1316 1969 1381 2009 his
1413 1968 1573 2009 verbis:

158 2041 396 2095 „Refutatio
430 2046 571 2084 autem
604 2043 900 2093 accusationis,
944 2043 989 2082 in
1039 2056 1123 2096 qua
1167 2046 1230 2083 est
1269 2041 1460 2095 depulsio
1495 2042 1573 2082 cri-

160 2116 301 2168 minis,
341 2116 545 2170 quoniam
580 2115 737 2156 Graece
771 2111 927 2164 στάσις
959 2115 1128 2159 dicitur,
1161 2114 1393 2168 appelletur
1426 2113 1574 2154 Latine

159 2192 312 2243 status;
354 2189 398 2228 in
445 2202 528 2242 quo
571 2190 760 2243 primum
806 2188 963 2228 insistit
1003 2189 1123 2241 quasi
1156 2187 1206 2227 ad
1242 2186 1572 2240 repugnandum

159 2273 386 2315 congressa
419 2260 646 2304 defensi0.“

301 2332 365 2374 De
396 2334 500 2387 ipsis
533 2334 714 2375 statibus
747 2333 893 2374 Cicero
927 2345 1093 2373 summa
1124 2331 1334 2371 industria
1367 2332 1575 2372 maxima-

161 2418 246 2459 que
282 2406 501 2457 diligentia
533 2406 576 2445 in
609 2405 730 2446 libris
763 2404 838 2458 „de
860 2404 1131 2445 inventione“
1159 2404 1455 2457 superscriptis
1478 2405 1576 2457 egit,

160 2476 236 2518 ubi
267 2479 461 2531 proxime
505 2477 558 2518 ad
591 2489 683 2518 eam
717 2479 999 2531 partitionem,
1044 2490 1170 2530 quam
1203 2476 1392 2516 rhetores
1423 2477 1574 2530 graeci,

159 2549 368 2603 imprimis
389 2549 687 2603 Hermagoras,
715 2550 965 2600 docuerunt,
987 2546 1210 2602 accessit,¹)
1249 2561 1347 2588 0001
1379 2549 1423 2588 10
1455 2548 1575 2590 libris

303 2636 336 2681 1)
364 2634 433 2671 cfr.
448 2634 647 2673 Krohnert:
675 2635 763 2678 „Die
777 2635 940 2680 Anfange
957 2636 1019 2670 der
1034 2634 1208 2669 Rhetorik
1222 2635 1281 2671 bei
1299 2635 1366 2669 den
1384 2634 1574 2671 Romernf‘

160 2694 283 2739 Progr.
321 2694 454 2730 Memel
492 2699 593 2732 1877.
656 2707 731 2741 cap.
772 2697 853 2734 VII.
914 2697 1088 2737 Netzker:
1138 2697 1403 2741 „Hermagoras‚
1442 2694 1573 2737 Cicero,
