1863 3146
694 212 929 251 -65„-

104 331 254 371 titione
301 329 645 383 coniungendam
693 342 785 371 esse
832 329 1099 381 arbitramur,
1149 330 1247 382 quia
1281 329 1331 370 de
1363 330 1449 370 inv.
1482 330 1515 381 Ι,

102 402 169 456 22,
215 403 267 443 31
318 415 440 456 seqU.
486 402 530 441 in
563 403 698 455 prima
728 405 847 455 parte
880 402 1169 455 „partitionis“
1203 401 1347 442 eadem
1381 401 1517 455 profe-

102 479 273 525 runtur,
308 487 417 529 quae
450 474 501 515 de
532 475 819 528 propositione
853 474 1030 515 dicenda
1064 477 1181 528 sunt3
1217 474 1381 525 deinde,
1414 475 1516 527 quia

103 548 335 602 propositio
382 548 475 601 ipsa
507 546 648 588 verbis
680 548 835 600 apertis
869 547 919 588 de
952 560 1010 588 or.
1044 547 1077 599 Ι,
1111 548 1177 600 31,
1212 548 1313 597 143,
1358 546 1414 598 Π,
1448 547 1513 597 19,

105 621 177 674 80;
227 621 293 673 80,
329 619 409 661 331
445 620 698 674 postulatur.
762 620 1188 674 Argumentationem
1221 623 1359 660 autem
1394 632 1517 671 quar-

98 699 185 734 tam
220 695 383 747 partem
415 693 618 733 orationis
643 692 854 746 appellare
872 692 1083 742 volumus,
1117 692 1231 745 quod
1253 691 1515 732 confirmatio

101 779 124 806 a
172 765 503 819 reprehensione
541 766 725 818 separari
765 778 849 805 non
881 768 1032 818 potest,
1082 764 1155 805 sed
1187 776 1353 817 semper
1385 763 1515 803 altera

103 837 278 878 alterius
311 838 520 878 rationem
560 837 716 878 habere
750 837 884 890 debet,
918 822 1041 877 ¹siout
1072 840 1217 890 postea
1250 836 1516 877 demonstra-

105 910 229 960 bitur,
277 910 352 950 ubi
385 911 511 951 latius
544 914 584 950 et
615 910 754 950 fusius
788 910 838 950 de
871 911 1239 963 argumentatione
1272 907 1512 960 dicemus.¹)

268 1088 291 1098 .-
305 1089 307 1092 ⁴

423 1094 461 1146 Ι.
520 1094 583 1145 De
621 1108 786 1160 genere
825 1094 1209 1146 demonstrativo.

250 1191 299 1232 In
331 1204 487 1246 genere
521 1192 866 1244 demonstrativo,
914 1190 988 1232 ubi
1021 1194 1094 1231 aut
1124 1190 1269 1231 laudat
1301 1193 1375 1230 aut
1407 1190 1518 1229 vitu-

105 1268 223 1319 perat
275 1269 427 1316 orator,
479 1265 562 1305 loci
607 1277 662 1305 ex
703 1265 754 1304 iis
801 1263 929 1304 rebus
978 1266 1208 1304 sumantur
1247 1265 1420 1316 oportet,
1472 1264 1520 1301 ut

107 1336 250 1378 Cicero
299 1337 351 1378 de
393 1338 481 1378 inv,
517 1337 574 1389 II,
608 1335 941 1390 59„177—1?8
995 1336 1128 1388 docet,
1175 1347 1283 1388 quae
1329 1334 1520 1388 personis

106 1408 331 1450 attributae
381 1413 500 1461 sunt3
552 1410 697 1463 itaque
743 1412 882 1449 orator
923 1410 1114 1449 animum
1148 1408 1365 1448 advertere
1399 1406 1521 1447 debet

114 1482 166 1522 ad
198 1494 368 1535 nomen,
399 1487 608 1536 naturam,
640 1483 815 1535 victum,
846 1482 1072 1532 fortunam,
1103 1480 1307 1532 habitum,
1340 1479 1521 1519 affectio-

107 1567 220 1608 nem,
252 1554 405 1608 studia,
438 1554 626 1606 consilia,
670 1553 789 1604 facta,
837 1550 1103 1606 orationes32)
1152 1564 1260 1605 quae
1292 1563 1359 1592 res
1393 1552 1521 1591 etiam

106 1629 150 1668 in
182 1628 387 1680 animum,
431 1639 598 1681 corpus,
631 1628 835 1667 extrarias
867 1624 970 1680 res3)
1003 1624 1320 1666 distribuuntur
1360 1627 1399 1664 et
1431 1636 1522 1663 ora-

107 1701 211 1741 toris
249 1704 312 1741 est
357 1700 659 1751 demonstrare,
713 1699 924 1752 quomodo
963 1699 1012 1751 is,
1045 1698 1095 1738 sie
1128 1710 1212 1751 quo
1253 1697 1420 1748 dieitur,
1471 1696 1522 1734 iis

110 1785 219 1814 usus
254 1774 321 1813 sit.
405 1771 543 1813 Simili
572 1773 736 1812 ratione
768 1772 998 1823 Antonius,
1046 1783 1320 1824 quamquam,
1366 1772 1413 1808 ut
1444 1769 1522 1808 sci-

108 1858 218 1898 mus,
232 1847 311 1886 hoe
327 1857 464 1899 genus
478 1845 521 1884 in
539 1845 759 1885 materiam
778 1846 954 1884 oratoris
973 1844 1105 1897 recipi
1121 1843 1270 1894 noluit,
1289 1841 1338 1881 de
1347 1853 1524 1894 eoprae-

110 1919 238 1971 cepit3
286 1931 386 1958 nam
417 1915 618 1957 fortunae
650 1915 776 1968 bona,
810 1929 919 1969 quae
952 1919 1027 1956 aut
1059 1915 1244 1968 corporis
1278 1917 1419 1954 essent
1451 1917 1525 1953 aut

112 1994 332 2043 extranea,
366 1991 632 2042 virtutesque
650 1990 694 2028 in
710 2001 859 2028 eorum
878 2001 963 2029 usu
981 1987 1256 2041 exponendas
1272 1998 1363 2027 esse
1383 1983 1524 2036 dixit4)

255 2128 288 2173 1)
314 2127 537 2172 Quamquam
579 2126 615 2160 in
658 2126 908 2169 „inventione“
951 2136 992 2159 ea
1033 2125 1172 2158 tantum
1198 2123 1408 2166 exponenda
1431 2125 1526 2164 sunt,

113 2199 204 2233 quae
243 2189 404 2223 invenire
447 2189 566 2223 orator
590 2186 705 2227 debet,
748 2188 868 2220 tamen
894 2185 951 2220 hic
975 2184 1052 2218 illic
1079 2184 1120 2217 de
1146 2183 1354 2217 tractatione
1383 2193 1526 2226 quoque

111 2247 366 2288 nonnullarum-
400 2260 519 2284 rerum
545 2248 733 2283 dicendum
760 2250 824 2291 est,
867 2245 1033 2290 primum,
1061 2244 1143 2289 quia
1169 2254 1274 2287 saepe
1300 2243 1435 2287 aliquid
1460 2243 1525 2277 sub

112 2308 182 2343 alia
218 2310 316 2353 parte
359 2309 468 2345 officii
492 2309 636 2345 oratorii
668 2319 741 2342 non
778 2308 882 2342 modo
909 2318 981 2341 non
1006 2305 1148 2350 rectius,
1187 2304 1248 2338 sed
1272 2302 1382 2337 multo
1408 2303 1526 2336 minus

113 2371 196 2413 apte
235 2369 382 2411 proferri
412 2374 536 2415 potest,
576 2370 712 2410 deinde,
754 2368 839 2412 quia
865 2366 1002 2410 Cicero,
1045 2365 1144 2400 cuius
1170 2365 1360 2409 praecepta
1386 2364 1428 2397 (le
1454 2365 1526 2398 arte

111 2429 292 2464 rhetorica
328 2430 432 2466 nobis
458 2431 672 2468 conferenda
698 2430 732 2462 et
759 2428 998 2472 comparanda
1024 2428 1119 2469 sunt,
1154 2436 1257 2470 saepe
1283 2424 1526 2460 tractationem

113 2491 262 2525 alicuius
292 2490 403 2535 partis
429 2502 491 2525 seu
516 2491 567 2525 rei
594 2490 659 2524 sub
686 2489 937 2532 ,‚inventione‘·'
964 2488 1145 2532 exposuit.
1210 2485 1272 2523 cfr.
1298 2485 1420 2520 Thiele
1445 2485 1467 2521 l.
1495 2495 1525 2522 ο.

113 2562 144 2595 p.
172 2554 217 2587 96
242 2561 338 2594 sequ.

254 2614 291 2655 2)
318 2612 361 2646 de
385 2611 456 2647 inv.
482 2610 509 2652 I,
535 2613 590 2647 24.
616 2612 673 2645 34.
722 2609 769 2652 II,
796 2612 828 2655 9,
854 2611 1006 2645 28—31.

256 2673 291 2717 3)
318 2672 381 2708 cfr.
408 2672 450 2706 de
476 2672 566 2715 part.
592 2681 640 2705 or.
665 2674 722 2716 22,
749 2674 804 2706 74.
854 2672 930 2714 top.
954 2672 1011 2714 ⁶23,
1037 2671 1092 2706 89.

257 2735 294 2777 4)
321 2734 363 2768 de
389 2744 439 2769 or.
464 2732 510 2778 H,
538 2734 594 2776 11,
619 2734 778 2774 45—463
810 2734 865 2776 84,
891 2734 970 2767 342.
