1863 3146
874 210 1154 248 —54-·

430 328 640 380 Denique,
686 334 734 368 ut
771 326 1020 367 Harnecker
1066 328 1180 367 recte
1217 326 1462 379 iudicasset,
1507 339 1561 368 ne
1594 329 1699 368 actio

291 401 462 454 quidem
510 413 605 453 pars
653 399 937 452 eloquentiae,
986 398 1058 440 sed
1106 398 1320 452 appendix
1352 398 1475 439 nobis
1506 398 1702 440 habenda

289 477 416 523 esset3
465 485 564 512 nam
614 472 664 512 de
711 484 760 512 ea
798 472 845 511 in
877 472 1001 513 tertio
1034 470 1142 511 libro
1177 485 1200 511 a
1233 470 1381 511 Crasso
1414 471 1528 511 haud
1562 472 1703 524 copio-

288 546 378 585 sius
426 557 503 585 nec
549 545 678 585 latius
725 544 1045 598 praescribitur,
1092 556 1220 597 quam
1268 543 1318 583 de
1367 544 1616 596 „memoria“
1657 545 1702 584 in

226 606 230 607 ⁷
287 618 415 658 altero
448 616 593 672 libro1)
625 617 676 657 ab
710 617 916 659 Antonio.
981 615 1249 669 Quamquam
1285 617 1496 656 actionem
1527 619 1700 670 propter

288 690 548 742 brevitatem,
583 703 666 743 qua
699 690 892 743 exposita
925 692 1000 740 est,
1032 701 1118 728 non
1151 692 1313 742 partem
1346 690 1446 729 artis
1470 689 1704 729 rhetoricae

287 775 379 803 esse
424 775 548 803 nemo
594 762 736 802 adhuc
783 761 1040 802 contendere
1080 774 1212 802 ausus
1245 764 1308 802 est
1340 773 1481 814 neque
1514 774 1704 813 unquam

289 834 472 875 audebit.

428 906 553 960 Ergo,
602 906 964 959 quemadmodum
1012 909 1157 946 nostra
1195 906 1276 946 fert
1308 907 1464 959 opinio,
1512 918 1597 946 non
1630 909 1703 958 est,

288 991 364 1019 cur
396 979 651 1020 arbitremur
683 978 930 1019 Ciceronem
972 979 1055 1018 iam
1087 979 1130 1018 in
1163 978 1285 1019 libr-is
1313 979 1390 1031 „de
1423 979 1607 1019 oratore“
1639 979 1703 1019 in-

291 1052 456 1104 scriptis
490 1064 595 1104 eam,
640 1065 770 1105 quam
802 1054 947 1105 postea
979 1052 1022 1090 in
1056 1052 1270 1104 „oratore“
1304 1051 1492 1105 protulit,
1536 1054 1704 1092 senten-

287 1124 387 1164 tiam
420 1123 637 1167 habuisse.

429 1196 473 1238 Si
507 1197 689 1238 breviter
724 1196 1142 1250 comprehendimus,
1174 1209 1282 1250 quae
1315 1196 1366 1236 de
1397 1209 1576 1237 numero
1612 1210 1704 1250 par-

286 1268 394 1309 tium
442 1270 567 1310 modo
615 1270 818 1321 diximus,
867 1268 1113 1309 Ciceronem
1156 1269 1393 1310 iudicamus
1425 1269 1468 1308 in
1503 1268 1704 1309 omnibus

287 1341 411 1381 libris
444 1343 667 1383 rhetoricis
700 1343 915 1394 ,‚0ratore“
938 1345 1116 1396 excepto
1132 1342 1420 1396 eloquentiam
1444 1342 1488 1381 in
1513 1342 1705 1395 quinque

286 1418 427 1467 partes
461 1414 741 1456 distribuisse.
815 1414 935 1464 Quae
969 1428 1036 1456 res
1068 1419 1291 1469 propterea
1322 1428 1400 1456 nos
1434 1427 1602 1455 summa
1635 1415 1705 1455 ad-

288 1488 515 1528 miratione
547 1487 714 1528 afficere
747 1488 883 1541 debet,
927 1489 1041 1542 quod
1073 1490 1116 1528 in
1151 1489 1346 1541 „Bruto“,
1397 1500 1524 1541 quem
1556 1487 1705 1528 eodem

290 1572 401 1599 anno
435 1560 578 1612 edidit,
612 1573 695 1613 quo
730 1561 987 1613 „oratorem“
1025 1559 1076 1616 [a.
1110 1561 1166 1603 46
1191 1575 1226 1603 a.
1252 1560 1345 1604 Chr.
1368 1558 1426 1616 n.]
1461 1573 1549 1600 non
1582 1559 1705 1600 modo

286 1631 391 1671 nihil
424 1632 476 1673 de
508 1634 714 1674 memoria
746 1634 961 1675 reicienda
995 1634 1356 1683 commemoravit,
1405 1633 1478 1674 sed
1513 1634 1705 1686 quinque

286 1703 380 1744 illas
426 1708 566 1758 partes
614 1707 656 1746 in
696 1707 838 1760 iisque
871 1708 1121 1748 memoriam
1155 1707 1309 1747 oratori
1341 1707 1528 1747 maxime
1560 1718 1706 1747 neces-

286 1778 416 1818 sarias
460 1790 552 1819 esse
600 1779 731 1833 dixit3
778 1783 840 1820 est
889 1780 1004 1820 enim
1058 1779 1183 1820 Brut.
1230 1779 1296 1832 59,
1343 1780 1450 1820 214:
1502 1780 1608 1833 „Sed
1665 1781 1703 1820 ei

288 1854 430 1891 tamen
482 1865 617 1892 unum
662 1852 769 1892 illud
804 1851 1030 1905 habebant,
1079 1852 1247 1893 dicendi
1279 1864 1384 1905 opus
1417 1851 1702 1904 elaboratum3

287 1923 416 1976 idque
464 1937 563 1965 cum
612 1928 824 1966 constaret
872 1938 925 1966 ex
976 1926 1168 1978 quinque
1212 1925 1448 1965 notissimis
1498 1924 1703 1978 partibus,

288 2007 412 2036 nemo
457 1997 501 2036 in
547 1996 691 2050 aliqua
732 2001 851 2051 parte
885 2011 1033 2038 earum
1067 1999 1240 2039 omnino
1273 1997 1381 2038 nihil
1411 2000 1586 2050 poterat.
1651 1996 1704 2036 In

288 2081 546 2122 quacunque
595 2070 708 2110 enim
758 2083 844 2110 una
891 2071 1018 2124 plane
1051 2071 1280 2124 clauderet,
1327 2074 1467 2111 orator
1494 2082 1585 2111 esse
1617 2082 1704 2109 non

285 2142 466 2193 posset.“
545 2143 691 2196 Atque
739 2143 832 2184 aliis
883 2155 1058 2196 quoque
1089 2145 1193 2184 locis
1226 2143 1417 2184 eiusdem
1451 2142 1547 2183 libri
1581 2143 1703 2195 quin-

286 2224 367 2265 que
400 2214 584 2266 partium
618 2216 880 2256 mentionem
913 2215 1013 2256 fecit
1045 2217 1136 2256 sive
1169 2228 1238 2256 eas
1262 2215 1548 2267 enumeravit,
1584 2228 1704 2268 quos,

288 2297 384 2324 cum.
419 2286 503 2326 iam
537 2299 668 2341 supra
700 2289 744 2328 in
777 2289 965 2330 medium
997 2289 1312 2342 protulerimus,
1347 2288 1426 2328 hoc
1458 2288 1549 2328 loco
1582 2299 1701 2341 prae-

284 2359 409 2398 terire
440 2356 616 2414 liceat.‘-’)

428 2488 459 2533 1)
487 2489 528 2523 de
555 2500 604 2526 or.
631 2489 699 2532 III,
724 2492 782 2534 56,
810 2492 985 2536 213—61‚
1015 2491 1094 2526 227.

428 2549 461 2589 2)
492 2549 585 2591 Quin
624 2550 734 2584 etiam
774 2551 953 2596 egregiam
991 2551 1247 2586 nonnullorum
1287 2553 1467 2586 oratorum
1494 2549 1699 2586 memoriam

284 2608 323 2641 in
355 2607 509 2649 ,‚Bruto“
537 2620 673 2644 summa
699 2610 803 2645 laude
830 2611 975 2656 extulit3
1003 2612 1052 2647 sic
1078 2613 1179 2649 Brut.
1207 2615 1264 2657 76,
1290 2613 1377 2649 265:
1418 2611 1704 2655 ‚,Erant“inquit

288 2667 346 2712 „in
373 2679 412 2703 eo
441 2669 497 2713 [sc.
525 2669 562 2704 L.
590 2670 782 2716 Torquato]
814 2700 821 2707 .
848 2700 854 2707 .
883 2702 890 2709 .
918 2673 1038 2707 divina
1064 2673 1248 2718 memoria,
1282 2683 1422 2707 summa
1446 2672 1640 2708 verborum
1667 2673 1704 2706 et

286 2729 440 2773 gravitas
468 2731 502 2764 et
528 2729 742 2775 elegantia;“
770 2743 831 2766 seu
861 2733 958 2769 Brut.
989 2737 1045 2776 88,
1072 2737 1158 2771 301:
1186 2762 1206 2779 ,‚
1235 2761 1242 2768 .
1270 2764 1278 2771 .
1307 2761 1315 2769 .
1345 2733 1505 2768 Primum
1535 2732 1704 2767 memoria
