1863 3146
688 217 921 256 -85—

100 345 271 387 quaque
304 337 343 374 et
374 335 702 388 propositionem
732 338 772 375 et
805 335 1137 388 assumptionem
1171 333 1381 374 interdum
1419 335 1509 374 sine

98 405 399 459 approbatione
430 407 605 461 proferri
638 419 759 461 posse
793 408 977 460 agnovit,
1029 410 1120 447 tum
1172 418 1225 446 ex
1263 406 1327 446 his
1369 405 1508 446 verbis

97 478 363 531 perspicitur,
404 492 511 533 quae
552 479 810 520 exhibentur
851 479 900 520 de
934 480 1020 520 inv,
1052 479 1086 531 I,
1135 479 1199 530 35,
1248 477 1319 517 67:
1369 477 1508 530 „Quae

91 550 309 603 plurimas
356 550 482 591 habet
514 553 823 605 argumentatio
856 554 1008 605 partes,
1057 564 1103 592 ea
1153 553 1315 590 constat
1353 562 1406 590 ex
1445 551 1508 590 liis

98 624 290 677 quinque
322 622 532 677 partibus,
583 624 769 664 secunda
802 627 866 665 est
899 623 1224 677 quadripertita3
1271 623 1393 662 tertia
1436 623 1507 663 tri-

95 697 263 749 pertita,
297 697 394 737 dein
429 695 646 749 bipertita·⁷
682 696 795 750 quod
828 697 871 736 in
906 696 1191 736 controversia
1224 698 1297 736 est.
1337 696 1399 736 De
1425 708 1506 735 una

98 781 268 821 quoque
298 773 417 822 parte
449 772 583 822 potest
616 769 743 809 alicui
776 768 910 825 videri
942 781 1066 822 posse
1100 766 1366 808 consistere.“

239 839 550 895 Quadripertita
581 840 628 881 fit
658 842 934 893 ratiocinatio,
969 841 1003 880 si
1036 838 1280 893 approbatio
1314 843 1385 880 aut
1419 852 1507 893 pro-

94 913 316 966 positionis
341 917 414 954 aut
436 914 740 966 assumptionis
763 917 932 966 propter
958 913 1302 966 perspicuitatem
1325 916 1507 965 praeter-

99 986 299 1038 mittitur,
344 986 553 1039 tripertita
588 973 728 1025 autem
764 987 942 1037 exsistit,
986 987 1020 1026 si
1053 989 1234 1039 utraque
1267 984 1509 1038 approbatio

96 1070 412 1111 supervacanea
469 1061 540 1098 est.
628 1056 917 1112 Bipertitam¹)
972 1071 1070 1098 vero
1124 1057 1268 1098 Cicero
1321 1058 1508 1111 accipere

94 1131 245 1183 noluit,
279 1132 381 1184 quia
413 1130 689 1182 ratiocinatio,
714 1131 794 1170 nisi
829 1130 1164 1182 concluderetur,
1198 1128 1388 1169 adhiberi
1422 1141 1507 1168 non

94 1206 237 1257 posset
268 1203 539 1256 maximeque
572 1204 725 1243 oratori
757 1203 994 1243 cavendum
1029 1205 1149 1253 esset,
1173 1214 1237 1254 ne,
1261 1202 1373 1255 quod
1406 1202 1507 1241 satis

94 1276 418 1330 perspiceretur,
453 1276 494 1316 id
527 1276 570 1315 in
604 1275 943 1329 complexionem
977 1275 1164 1316 inferret.
1212 1273 1336 1322 Quod
1356 1274 1505 1314 vitium

95 1347 219 1389 facile
252 1351 391 1389 orator
423 1348 640 1401 effugeret,
687 1349 721 1388 si
767 1361 922 1401 genera
955 1347 1299 1400 complexionum
1340 1346 1508 1399 cognita

96 1420 279 1462 haberet.
343 1421 517 1474 „Nam,“
550 1422 695 1474 inquit
728 1421 778 1461 de
810 1422 897 1462 inv.
932 1420 964 1472 I,
997 1420 1064 1472 40,
1086 1420 1151 1472 73,
1183 1423 1279 1471 „aut
1310 1420 1368 1459 ita
1401 1431 1509 1458 com-

96 1493 342 1548 plectemur,
388 1497 437 1535 ut
482 1495 526 1534 in
575 1507 710 1535 unum
758 1494 1048 1534 conducamus
1093 1493 1421 1546 propositionem
1469 1495 1509 1531 et

97 1567 427 1620 assumptionem
571 1571 643 1607 aut
689 1567 758 1616 ita,
806 1571 852 1606 ut
900 1579 954 1606 ex
1002 1565 1210 1606 contrario
1262 1563 1509 1604 conficiatur

98 1640 307 1680 sententia
435 1644 508 1680 aut
538 1640 611 1693 ita,
642 1643 690 1680 ut
720 1639 762 1679 id
797 1639 948 1688 solum,
991 1638 1103 1692 quod
1136 1637 1371 1689 conficitur,
1404 1636 1507 1676 infe-

98 1715 318 1755 ratur
351 1717 437 1766 aut,
487 1717 535 1754 ut
566 1713 622 1764 id,
671 1712 783 1765 quod
832 1724 923 1752 eam
971 1724 1073 1761 rem,
1122 1723 1229 1764 quae
1274 1709 1508 1759 conficitur,

97 1788 304 1839 sequatur
336 1798 509 1827 necesse
541 1786 643 1826 est.“'

179 1869 183 1871 “
239 1857 345 1900 Item
397 1859 567 1899 illmum
624 1871 792 1911 quoque
845 1856 1096 1898 sententiam
1148 1854 1402 1908 improbavit
1459 1853 1509 1893 de

96 1931 181 1971 inv.
213 1930 248 1983 I,
278 1930 348 1984 40,
383 1932 449 1984 74,
497 1932 571 1984 qui
612 1943 665 1971 ex
699 1944 787 1970 una
820 1933 937 1984 parte
970 1928 1376 1982 argumentationem
1411 1939 1508 1966 con-

97 2006 209 2045 stare
230 2017 354 2058 posse
376 2007 593 2058 putarent3
627 2016 724 2043 nam
755 2002 1167 2056 argumentationem
1202 2003 1241 2041 et
1264 2001 1509 2052 „inventum

100 2076 285 2130 aliquam
318 2078 362 2117 in
395 2090 483 2118 rem
524 2075 742 2131 probabile
782 2079 855 2116 aut
887 2071 1218 2126 necessarium2)
1251 2076 1291 2113 et
1323 2073 1415 2113 eius
1447 2072 1510 2111 in—

98 2150 213 2190 venti
252 2140 583 2204 expolitionem“
631 2148 871 2202 significare
912 2148 1034 2200 dixit,
1080 2146 1174 2187 illos
1222 2148 1376 2197 autem,
1413 2157 1509 2184 cum

103 2217 346 2277 exemplum
379 2226 602 2277 ponerent:
655 2222 883 2275 „quoniam
930 2220 1093 2273 peperit
1139 2231 1235 2258 cum
1284 2218 1373 2257 viro
1412 2229 1511 2256 con-

100 2295 286 2348 cubuit,“
329 2297 553 2337 inventum
588 2295 724 2346 modo,
756 2306 842 2334 non
875 2292 1177 2346 expolitionem
1210 2290 1408 2343 proferre.

243 2368 351 2409 Cum
375 2368 519 2410 Cicero
541 2369 584 2408 in
606 2367 727 2408 libris
751 2367 801 2407 de
824 2364 1118 2419 „inventione“
1140 2364 1255 2404 locos
1289 2375 1514 2416 argumen-

100 2440 284 2492 tationis,
316 2444 364 2481 ut
395 2454 450 2483 ex
480 2442 545 2494 iis,
579 2453 687 2494 quae
720 2439 990 2490 antecedunt,
1012 2437 1303 2490 cognovimus,
1326 2436 1510 2488 primum

102 2524 124 2552 e
156 2512 296 2565 rebus,
341 2527 450 2568 quae
487 2514 692 2568 personis,
739 2511 890 2552 deinde
938 2523 960 2551 e
999 2509 1140 2561 rebus,
1189 2521 1296 2562 quae
1333 2507 1512 2562 negotiis

101 2584 326 2627 attributae
358 2590 469 2640 sunt,
507 2586 715 2636 educeret,
757 2585 798 2623 in
834 2582 1141 2637 posterioribus
1174 2581 1342 2634 scriptis
1376 2580 1512 2620 rheto-

246 2679 279 2724 1)
306 2680 347 2715 de
372 2680 445 2714 inv,
471 2679 498 2720 I,
525 2682 581 2720 40,
608 2676 758 2714 72—-74.

244 2740 278 2785 2)
306 2741 369 2775 cfr.
397 2741 439 2775 de
464 2740 537 2774 inv.
563 2739 592 2782 I,
620 2741 675 2780 29,
702 2741 747 2774 44
772 2747 870 2782 sequ.
