1863 3146
934 224 1168 263 -20-

349 343 466 382 illius
511 342 679 395 generis
722 343 972 394 argumento
1018 341 1266 393 simpliciter
1309 340 1351 380 id
1390 341 1762 392 „exornationem4‘

350 415 603 454 nominaret.

491 484 573 525 Sed
618 483 849 535 videamus,
896 497 1002 537 quas
1045 483 1310 524 definitiones
1358 483 1511 524 horum
1556 497 1761 537 generum

347 560 490 597 noster
522 556 695 597 dederit.
758 555 1010 596 Invenimus
1045 568 1115 596 eas
1149 556 1200 596 de
1231 556 1319 597 inv.
1350 555 1380 607 Ι,
1415 557 1451 607 5,
1485 555 1521 606 7,
1557 569 1639 610 quo
1669 557 1762 597 loco

347 630 449 669 haec
482 629 636 682 scripta
669 632 786 668 sunt:
839 627 1254 680 „Demonstrativum
1294 631 1368 679 est,
1414 628 1526 681 quod
1560 628 1764 669 tribuitur

346 702 390 741 in
424 701 607 741 alicuius
640 703 779 741 certae
821 712 1026 753 personae
1072 699 1239 739 laudem
1280 703 1352 740 aut
1384 701 1760 753 vituperationen13

350 773 688 825 deliberativum,
712 772 826 825 quod
858 773 1042 825 positum
1076 773 1120 811 in
1155 772 1458 825 disceptatione
1491 773 1605 813 civili
1636 773 1763 814 habet

348 846 391 885 in
427 858 469 886 se
504 845 738 886 sententiae
772 845 1018 894 dictionem3
1066 844 1280 893 iudiciale,
1327 844 1441 897 quod
1484 846 1670 898 positum
1715 848 1760 886 in

349 917 504 957 iudicio
543 917 667 957 habet
720 918 764 957 in
821 930 864 957 se
908 917 1223 957 accusationem
1269 920 1309 957 et
1354 916 1639 958 defensionem
1688 922 1764 958 aut

349 990 591 1043 petitionem
627 992 667 1029 et
699 990 1046 1029 recusationem.“

492 1060 555 1102 De
589 1060 920 1113 definitionibus,
954 1074 1062 1114 quae
1090 1061 1141 1101 ad
1174 1061 1332 1101 iudicia
1365 1064 1406 1101 et
1437 1061 1762 1103 deliberationes

350 1135 575 1187 pertinent,
615 1134 722 1173 nihil
760 1133 967 1174 habemus
1007 1134 1118 1187 quod
1152 1133 1429 1187 proferamus,
1493 1133 1574 1174 Sed
1609 1135 1659 1175 de
1691 1147 1762 1188 ge-

348 1218 449 1247 nere
489 1206 816 1247 demonstrativo
856 1206 1085 1246 dubitatur.
1150 1204 1396 1246 Volkmann
1443 1207 1555 1246 enim
1597 1206 1762 1248 Cicero—

349 1291 444 1319 nem
494 1278 571 1319 sibi
621 1279 699 1332 ipsi
738 1291 1000 1332 repugnasse
1049 1279 1167 1329 dixit,
1216 1290 1314 1318 cum
1362 1278 1578 1319 historiam
1618 1281 1763 1333 generi

352 1352 694 1402 demonstrativo,
743 1352 865 1391 cuius
914 1350 1202 1390 definitionem
1253 1350 1376 1390 modo
1423 1363 1553 1404 supra
1591 1364 1613 1391 e
1653 1351 1762 1391 libro

349 1424 423 1476 „de
455 1424 725 1464 inventione“
758 1423 994 1475 attulimus,
1028 1423 1158 1463 altero
1191 1422 1284 1462 loco
1319 1422 1591 1476 attribuisset,
1631 1424 1763 1464 altero

349 1496 399 1537 ab
450 1499 613 1537 oratore
660 1494 988 1550 sepa1·avisset.1)
1064 1496 1121 1534 At
1169 1497 1313 1535 nostra
1357 1497 1566 1536 sententia
1617 1495 1762 1538 Cicero

348 1570 621 1609 historiarum
670 1568 941 1621 scriptionem
990 1581 1204 1620 nusquam
1243 1568 1389 1621 generi
1431 1568 1761 1609 demonstrativo

350 1641 542 1683 subiecit.
608 1640 738 1682 Cuius
785 1642 846 1681 rei
894 1639 1231 1692 comprobandae
1278 1652 1405 1681 causa
1454 1642 1503 1681 de
1557 1642 1661 1682 locis
1708 1642 1760 1682 ab

348 1714 420 1754 illo
469 1715 559 1753 viro
605 1715 846 1755 doctissimo
897 1713 1060 1752 collatis
1100 1712 1271 1752 brevem
1307 1714 1597 1766 quaestionem
1634 1714 1760 1755 habe-

348 1787 502 1828 bimus.

491 1859 635 1899 Primo
668 1858 800 1910 igitur
833 1857 925 1897 loco
958 1858 1157 1911 ponimus
1193 1870 1252 1897 or.
1290 1858 1356 1909 11,
1377 1859 1449 1898 37:
1486 1891 1507 1911 „
1541 1890 1549 1899 .
1585 1891 1593 1901 .
1630 1891 1638 1899 .
1672 1860 1762 1899 lau-

350 1933 569 1973 dationum
605 1927 919 1985 [scriptionum]
962 1935 1001 1971 et
1040 1931 1311 1971 historiarum
1345 1933 1385 1970 et
1416 1931 1567 1971 talium
1600 1932 1762 1972 suasio-

349 2018 467 2055 num,
516 2005 684 2057 qualem
718 2002 926 2043 Isocrates
964 2002 1062 2042 fecit
1093 2004 1399 2056 panegyricum
1432 2004 1641 2057 multique
1675 2004 1759 2054 alii,

350 2079 422 2131 qui
447 2080 547 2117 sunt
564 2076 769 2116 nominati
789 2074 1013 2127 sophistae,
1036 2074 1384 2129 reliquarumque
1406 2089 1547 2117 rerum
1569 2076 1762 2129 formam,

489 2194 523 2235 1)
552 2191 775 2225 Volkmann:
813 2189 1007 2234 „Rhetorik
1033 2190 1095 2224 der
1123 2190 1296 2225 Griechen
1323 2192 1394 2225 und
1419 2192 1571 2226 Romer“
1599 2192 1614 2215 2
1638 2204 1672 2237 p.
1699 2196 1760 2228 24:

347 2252 552 2295 „Vielmehr
589 2252 757 2286 verstand
782 2250 898 2285 Rufus
938 2252 1042 2284 unter
1081 2251 1160 2285 dem
1197 2256 1297 2297 γένος
1321 2251 1495 2297 ἱστορικόν
1519 2253 1553 2286 in
1581 2253 1643 2287 der
1667 2253 1761 2288 That

346 2314 460 2348 nichts
487 2314 644 2355 andereS,
683 2312 734 2347 als
762 2312 819 2345 die
844 2310 1117 2345 rhetorisirende
1143 2310 1577 2357 Geschichtsschreibung,
1617 2315 1680 2347 wie
1707 2314 1760 2347 sie

346 2374 457 2408 durch
497 2375 552 2408 die
579 2373 704 2408 Schule
743 2373 804 2406 des
830 2372 1006 2406 Isokrates
1044 2372 1260 2420 namentlich
1299 2372 1357 2407 bei
1381 2373 1628 2417 Theopompos
1663 2374 1759 2408 herr·

344 2435 475 2470 schend
500 2435 686 2479 geworden
725 2444 795 2468 war
821 2433 891 2467 und
919 2432 974 2466 die
1009 2432 1048 2476 ja
1074 2432 1163 2467 auch
1190 2433 1345 2468 Cicero
1372 2444 1421 2468 or.
1450 2437 1576 2477 11‚37;
1602 2436 1759 2478 61‚‘207;

346 2496 419 2540 vgl.
459 2497 501 2530 de
539 2506 590 2530 or.
624 2495 670 2537 H,
696 2497 788 2536 9,36
828 2493 986 2528 offenbar
1024 2493 1113 2527 nach
1152 2494 1410 2538 griechischem
1449 2495 1637 2539 Vorgange
1677 2495 1758 2540 (vgl.

346 2555 545 2593 Marcellin.
573 2567 605 2592 v.
624 2555 780 2600 Thucyd.
799 2554 858 2599 41)
885 2554 951 2588 mit
977 2565 1038 2588 zur
1064 2554 1341 2598 epideiktischcn
1360 2555 1518 2600 Gattung
1544 2556 1605 2589 der
1630 2555 1759 2590 Bered-

346 2616 496 2650 samkeit
533 2616 688 2658 rechnet‚
726 2616 890 2651 wahrend
928 2626 965 2649 er
1001 2615 1142 2650 freilich
1176 2626 1224 2652 or.
1258 2619 1372 2658 20,ὅὸ
1411 2617 1467 2650 die
1492 2615 1758 2651 Beredsamkeit

346 2677 407 2710 der
445 2676 835 2711 Geschichtsschreiber
875 2687 943 2710 von
983 2676 1186 2721 derjenigen
1230 2677 1293 2711 der
1330 2677 1470 2712 Redner
1508 2676 1758 2711 ausdrucklich

344 2738 496 2772 trennt.“
