1863 3146
920 198 1147 239 -22—

333 325 541 365 Isocrateo
586 319 965 372 Theopompeoque
1011 327 1128 355 more
1161 346 1170 355 .
1204 346 1211 353 .
1247 311 1353 368 .“.l)
1416 313 1460 354 Si
1508 313 1737 364 historiam,

334 397 374 436 id
399 398 472 446 est,
504 405 643 433 rerum
668 390 913 430 memoriam
935 387 1081 440 generi
1115 386 1445 426 demonstrativo
1478 384 1738 437 subiungere

335 466 548 514 voluisset,
581 462 825 512 certissime,
859 463 907 500 ut
936 472 1065 512 supra
1097 471 1154 517 or.
1182 458 1248 508 11,
1268 457 1338 508 37,
1368 459 1425 498 ita
1457 458 1537 497 hoc
1569 468 1739 509 quoque

331 538 424 579 1000
459 537 654 577 dixisset:
690 536 754 585 „et
785 534 827 572 in
861 535 966 572 toto
1001 544 1060 582 eo,
1096 530 1211 583 quod
1243 530 1505 584 appellamus
1538 527 1736 571 ἐπιδεικ-

334 607 477 651 τικόι’“
510 609 598 649 Sive
632 605 798 646 similia.

476 682 567 721 Iam
590 678 852 719 conveniunt
874 676 969 726 loci,
1004 688 1110 728 quos
1132 675 1258 716 modo
1289 675 1546 729 perscrutati
1577 687 1740 726 sumus,

335 755 489 808 optime
522 765 619 792 cum
652 763 710 790 or.
743 749 809 799 20,
829 748 901 788 68:
935 747 1188 799 „Seiunctus
1221 748 1351 801 igitur
1382 751 1521 787 orator
1553 760 1577 787 a
1607 746 1741 800 philo-

334 825 563 878 sophorum
599 821 852 874 eloquentia,
901 834 923 860 a
956 820 1254 873 sophistarum,
1293 818 1343 859 ab
1376 819 1688 870 historicorum,
1720 832 1743 858 a

334 900 553 950 poetarum
593 893 874 948 explicandus
912 897 974 932 est
1010 891 1133 932 nobis
1174 892 1312 945 qualis
1351 891 1524 932 futurus
1562 891 1649 944 sit,“
1703 893 1744 931 et

336 983 432 1009 cum
466 981 523 1008 or.
559 967 625 1017 36,
654 965 754 1005 124:
804 964 1100 1017 „Narrationes
1143 963 1376 1016 credibiles,
1421 976 1499 1004 nec
1531 964 1742 1013 historico,

338 1041 409 1082 sed
471 1052 599 1094 prope
660 1038 909 1092 quotidiano
973 1049 1166 1077 sermone
1228 1036 1462 1089 explicatae
1521 1035 1744 1076 dilucide.“

339 1112 565 1166 Propterea
599 1123 782 1164 quoque,
824 1110 923 1162 quia
955 1110 1130 1149 historia
1162 1122 1248 1149 non
1280 1122 1376 1163 pars
1409 1108 1536 1149 officii
1568 1109 1744 1148 oratoris

339 1189 412 1237 est,
462 1184 657 1237 quamvis
701 1194 825 1236 saepe
872 1194 920 1222 ea
967 1183 1009 1221 in
1045 1181 1309 1221 orationibus
1342 1194 1429 1221 non
1462 1182 1554 1222 sine
1585 1182 1745 1221 incom-

341 1257 463 1298 modo
497 1255 736 1308 adhibetur,
770 1254 982 1295 Antonius
1006 1253 1056 1294 de
1080 1266 1136 1293 or.
1163 1253 1218 1303 H,
1246 1254 1310 1305 15,
1331 1252 1385 1293 62
1420 1253 1557 1294 dicere
1590 1253 1742 1306 potuit:

341 1342 504 1383 „neque
552 1342 643 1370 eam
692 1327 765 1381 [sc.
798 1325 1033 1379 historiam]
1081 1323 1244 1379 reperio
1290 1338 1475 1379 usquam
1522 1326 1745 1379 separatim

339 1404 592 1444 instructam
624 1401 841 1440 rhetorum
874 1399 1144 1452 praeceptis.“

480 1474 592 1527 Ergo
627 1472 771 1513 Cicero
805 1485 827 1511 a
860 1484 904 1512 se
937 1484 1020 1511 non
1056 1471 1242 1522 dissedit,
1280 1470 1319 1510 id
1356 1470 1469 1523 quod
1503 1469 1747 1509 Volkmann

340 1547 568 1588 arbitratus
601 1549 676 1594 est,
716 1544 789 1585 sed
822 1543 928 1583 nihil
961 1543 1076 1583 aliud
1109 1543 1218 1595 fecit,
1266 1543 1351 1583 nisi
1384 1542 1499 1596 quod
1532 1543 1747 1582 notionem

339 1620 508 1674 generis
537 1617 857 1659 demonstrativi
889 1614 1194 1669 posterioribus
1226 1615 1500 1669 temporibus,
1532 1627 1627 1654 cum
1663 1615 1746 1653 iam

339 1693 510 1745 longius
543 1692 766 1744 provectus
798 1692 908 1729 esset
940 1691 1086 1736 aetate,
1117 1687 1403 1741 amplificavit.

482 1763 638 1812 Restat,
664 1765 711 1802 ut
735 1761 785 1802 de
806 1761 966 1801 finibus
987 1761 1115 1801 trium
1138 1772 1341 1813 generum
1359 1759 1529 1799 illorum
1555 1770 1746 1811 agamus.

341 1836 392 1876 In
424 1835 596 1875 iudiciis
629 1832 758 1887 „quid
791 1846 977 1887 aequum
1015 1830 1130 1887 sit‘·²)
1177 1833 1265 1872 sive
1298 1828 1578 1884 „aequitas“³)
1623 1842 1749 1883 quae—

342 1907 462 1959 ritur,
495 1909 584 1948 sive
615 1908 722 1960 „ius,
754 1907 877 1946 cuius
909 1908 1050 1958 partes
1082 1908 1172 1945 tum
1206 1905 1435 1957 expositae,
1472 1915 1569 1943 cum
1603 1903 1750 1955 aequi-

344 1979 512 2033 tatis“.4)
572 1979 694 2027 Quod
742 1978 793 2018 de
839 1981 944 2032 part.
992 1990 1048 2018 or.
1083 1977 1193 2028 4,ss
1245 1977 1398 2017 oratori
1438 1974 1751 2030 praescribitur,

344 2057 393 2094 ut
424 2054 467 2092 in
500 2052 657 2092 iudicio
705 2054 777 2091 aut
814 2051 989 2091 saevitia
1028 2055 1100 2090 aut
1132 2049 1356 2090 clementia
1386 2049 1542 2089 iudicis
1574 2047 1751 2088 excitari

346 2125 506 2178 debeat,
551 2137 638 2165 non
670 2123 913 2164 mirandum
946 2125 1020 2175 est,
1069 2135 1167 2162 cum
1206 2121 1304 2161 illae
1343 2120 1600 2172 affectiones,
1650 2122 1697 2159 ut
1728 2131 1750 2160 e

345 2198 566 2252 partitione
592 2196 760 2250 generis
781 2195 994 2236 iudicialis
1018 2195 1061 2234 in
1088 2195 1335 2247 petitionem
1368 2196 1408 2234 et
1440 2193 1746 2234 recusationem

345 2273 526 2324 apparet,
558 2270 608 2310 ad
633 2269 892 2309 accusatoris
916 2267 981 2308 vel
1006 2266 1240 2307 defensoris
1274 2264 1458 2305 officium
1491 2265 1748 2318 pertineant3

346 2355 453 2396 quae
500 2355 596 2383 cum
643 2341 700 2381 ita
747 2341 845 2392 sint,
893 2343 1056 2380 constat
1095 2338 1341 2379 Ciceronem
1384 2336 1466 2377 hoc
1508 2337 1601 2377 1000
1644 2336 1752 2376 nihil

344 2414 458 2455 aliud
504 2418 714 2468 spectasse
756 2417 884 2466 atque
924 2413 1073 2453 ceteris
1103 2408 1217 2461 locis,
1265 2423 1361 2450 cum
1394 2409 1478 2450 illis
1511 2408 1652 2449 verbis
1685 2420 1751 2449 ae-

486 2531 517 2573 1)
545 2529 616 2565 Cfr.
645 2528 786 2571 Quint:
813 2528 919 2574 ,‚iust.
947 2527 1022 2567 or‚“
1048 2527 1094 2572 X,
1126 2531 1154 2572 1,
1174 2530 1228 2563 74.

483 2590 517 2633 2)
545 2590 586 2623 de
611 2589 684 2626 inv.
711 2590 756 2632 Il,
778 2592 881 2632 4‚1·2.

484 2649 518 2693 3)
545 2650 586 2682 de
611 2649 683 2685 inv.
711 2650 927 2692 11,51‚156.
979 2649 1021 2683 de
1047 2659 1095 2684 or.
1122 2647 1222 2692 I‚31‚
1239 2651 1315 2684 141.
1365 2647 1408 2681 de
1433 2648 1520 2690 pait.
1548 2656 1597 2681 or.
1624 2647 1679 2687 28,
1694 2647 1751 2681 98.

482 2711 518 2752 4)
546 2712 618 2753 top.
646 2712 701 2753 24,
715 2713 770 2746 91.
