1863 3146
894 219 1126 259 -30—

306 337 588 387 inveiitione“,
626 336 697 376 ubi
730 337 936 377 rationem
970 336 1298 390 argumentandi
1329 337 1374 376 in
1407 337 1590 390 singulis
1622 350 1721 378 con-

309 409 604 449 stitutionibus
652 410 862 462 exposuit,
913 410 1054 449 statim
1099 410 1255 462 cuique
1287 410 1547 449 accusationi
1580 409 1723 450 defen-

308 482 469 521 sionem
517 481 729 521 adnexam
775 482 1035 533 invenimus,
1075 483 1119 521 in
1162 485 1347 534 utraque
1381 485 1522 522 autem
1551 482 1723 522 eosdem

307 556 657 607 argumentorum
705 555 819 594 locos
866 553 1075 594 adhibitos
1123 555 1193 606 ita,
1238 559 1286 594 ut
1333 558 1554 595 aecusator
1597 567 1723 608 saepe

307 625 391 664 iam
425 626 466 664 in
501 626 720 679 arguendo
754 627 989 667 defensoris
1023 631 1272 679 argumenta
1299 626 1496 678 infirmet,
1528 627 1723 668 defensor

307 709 417 749 vero,
459 699 712 752 priusquam
753 712 831 739 sua
865 698 1097 747 confirmet,
1145 711 1310 752 semper
1341 700 1428 741 fere
1461 700 1719 739 accusatoris

308 774 558 823 argumenta
595 772 763 812 refutet.
842 770 961 819 Quae
993 772 1234 811 coniunctio
1268 772 1390 813 elaris
1423 771 1564 812 verbis
1597 772 1724 812 etiam

309 841 359 881 ab
409 842 595 883 Antonio
645 844 694 884 de
739 857 797 884 or.
831 843 886 896 Π,
920 844 988 895 81,
1021 844 1103 883 331
1148 844 1406 897 postulatur3
1471 844 1722 897 „namque‚“

308 916 460 967 inquit,
508 929 618 967 „una
650 917 695 955 in
729 917 870 957 causis
902 917 1008 956 ratio
1042 915 1252 969 quaedam
1286 921 1349 957 est
1381 917 1473 956 eius
1505 916 1726 965 orationis,

310 1000 417 1040 quae
465 988 517 1027 ad
548 988 810 1042 probandam
845 990 1257 1042 argumentationem
1290 990 1410 1030 valet.
1488 988 1550 1029 Ea
1582 991 1726 1028 autem

310 1066 348 1100 et
393 1061 733 1101 confimationem
783 1065 823 1101 et
868 1061 1246 1114 reprehensionem
1280 1062 1465 1115 quaerit3
1516 1061 1589 1102 sed
1625 1061 1727 1114 quia

309 1144 449 1185 neque
493 1135 757 1187 reprehendi,
803 1147 912 1188 quae
957 1137 1101 1174 contra
1147 1134 1363 1186 dicuntur,
1408 1137 1601 1187 possunt,
1644 1133 1727 1173 nisi

309 1210 383 1244 tua
431 1205 666 1259 confirmes,
709 1219 848 1260 neque
896 1207 998 1246 haec
1046 1206 1299 1258 confirmari,
1348 1207 1430 1247 nisi
1476 1207 1550 1246 illa
1582 1218 1727 1260 repre-

310 1277 483 1330 hendas,
536 1279 694 1319 idcireo
748 1280 851 1320 haee
905 1284 945 1319 et
996 1283 1148 1319 natura
1201 1283 1240 1320 et
1295 1280 1477 1320 utilitate
1530 1282 1571 1319 et
1617 1281 1727 1318 trao-

310 1351 467 1391 tatione
501 1353 727 1392 coniuncta
760 1352 901 1393 sunt.²‘
978 1351 1114 1392 Etiam
1149 1365 1207 1392 or.
1243 1353 1310 1402 35,
1345 1353 1441 1402 122,
1473 1351 1549 1391 ubi
1581 1349 1728 1390 Cicero

311 1427 451 1477 partes
486 1425 683 1466 orationis
717 1426 984 1465 enumeravit
1015 1426 1061 1465 in
1092 1425 1230 1478 iisque
1263 1427 1484 1478 praecepta
1517 1423 1568 1463 de
1601 1435 1727 1476 argu-

312 1497 572 1537 mentatione
596 1496 674 1538 sub
697 1510 833 1538 unum
857 1500 1128 1550 conspectum
1152 1498 1345 1550 subiecit,
1363 1496 1728 1537 confirmationem

312 1573 351 1609 et
398 1570 772 1623 reprehensionem
821 1570 1048 1610 coniunxit
1092 1573 1218 1623 atque
1264 1571 1377 1611 idem
1408 1569 1506 1610 fecit
1538 1568 1589 1609 de
1620 1571 1728 1622 part.

312 1654 364 1681 or.
404 1643 439 1693 9,
476 1643 541 1693 33,
575 1655 671 1683 cum
704 1643 840 1683 filium
875 1643 982 1683 hanc
1015 1655 1102 1683 rem
1138 1643 1316 1682 doceret.

452 1714 573 1756 Fides
622 1720 764 1756 autem
813 1715 996 1756 alieuius
1037 1716 1099 1756 rei
1144 1714 1338 1755 facienda
1381 1717 1443 1754 est
1475 1720 1727 1767 argumento

312 1789 339 1828 i.
374 1801 404 1829 e.
440 1789 662 1840 „ratione“‚
701 1792 747 1829 ut
777 1792 859 1842 top.
894 1789 960 1840 2‚S
995 1787 1260 1839 describitur,
1308 1798 1446 1840 „quae
1477 1786 1536 1826 rei
1571 1784 1727 1825 dubiae

312 1861 438 1902 faeiat
484 1859 663 1914 fidem.1)
742 1860 857 1909 Quae
891 1865 1142 1914 argumenta
1173 1860 1306 1900 latent
1337 1860 1383 1899 in
1413 1859 1517 1898 loeis
1551 1857 1729 1912 quibus-

314 1933 422 1985 dam,
455 1934 577 1985 unde,
611 1934 734 1986 quasi
767 1946 788 1973 e
827 1933 1010 1985 sedibus,
1043 1935 1294 1987 promantur
1320 1928 1531 1985 oportet.2)
1574 1930 1729 1983 ltaque

313 2005 373 2044 illi
419 2005 502 2045 loci
535 2019 748 2046 summam
782 2005 938 2046 habent
967 2007 1219 2060 gravitatem
1253 2008 1293 2045 et
1326 2004 1632 2055 necessitatem,
1681 2006 1731 2042 ut

315 2076 457 2118 Cicero
504 2091 706 2132 persaepe
751 2078 947 2132 pluribus
992 2079 1229 2133 explicavit.
1307 2076 1375 2118 Sic
1407 2076 1646 2116 Antonium
1679 2075 1730 2115 de

315 2162 372 2192 or.
407 2150 462 2203 II,
496 2150 562 2203 27,
597 2151 680 2191 118
714 2151 876 2191 Cottam
925 2156 965 2192 et
997 2151 1237 2205 Sulpicium
1284 2150 1385 2191 feeit
1424 2149 1730 2199 adhortantem,

313 2228 385 2274 „ut
417 2224 530 2264 locos
562 2223 697 2264 multa
730 2225 1085 2264 commentatione
1119 2228 1247 2277 atque
1269 2223 1544 2263 meditatione
1560 2223 1729 2274 paratos

316 2299 444 2348 atque
492 2296 734 2349 expeditos“
781 2296 997 2339 haberent.
1076 2295 1214 2337 Etiam
1263 2295 1314 2335 de
1347 2307 1404 2335 or.
1439 2294 1494 2345 II,
1530 2293 1597 2344 30,
1645 2291 1729 2331 130

315 2381 489 2409 neeesse
521 2381 611 2410 esse
644 2369 752 2409 dixit
799 2369 978 2422 „habere
1011 2373 1146 2410 certos
1178 2369 1305 2420 locos,
1354 2367 1440 2420 qui,
1485 2369 1533 2405 ut
1564 2364 1730 2404 litterae

316 2441 366 2480 ad
400 2441 591 2494 verbum,
624 2443 684 2482 sio
708 2442 760 2482 ad
778 2455 949 2483 eausam
968 2441 1263 2496 explicandam
1283 2437 1586 2481 occurrerent.“
1629 2435 1730 2477 Huc

459 2621 491 2664 l)
519 2620 581 2655 cfr.
609 2620 650 2654 de
676 2624 769 2664 part.
796 2631 843 2655 or.
870 2624 902 2662 2,
929 2624 962 2663 ἵ),
1000 2620 1061 2655 ubi
1087 2620 1208 2655 Cicero
1249 2619 1496 2664 argumentum
1525 2615 1730 2661 „probabile

316 2680 495 2716 inventum
523 2682 567 2715 ad
590 2680 789 2716 faciendam
815 2681 946 2716 fidem“
972 2681 1172 2726 appellavit.

458 2743 492 2786 2)
519 2744 563 2777 de
590 2744 682 2786 part.
710 2753 759 2776 or.
787 2746 818 2784 2,
845 2747 877 2778 5.
927 2745 995 2787 top.
1024 2746 1056 2785 2,
1085 2747 1115 2779 7.
