1863 3146
855 218 1086 256 -92—

267 333 689 391 amplificationem,¹)
753 335 842 386 „Ac
889 347 987 388 pars
1019 334 1207 375 locorum
1241 333 1567 384 communium,“
1612 333 1677 372 10-

267 410 360 462 quit
394 407 536 448 Cicero
586 406 636 447 cle
668 407 754 446 inv.
787 406 842 458 II,
894 407 1031 459 15,48,
1078 419 1175 460 „per
1221 406 1557 460 indignationem
1605 408 1678 446 aut

267 493 340 534 per
373 480 723 533 conquestionem
747 479 965 520 inducitur
997 511 1004 519 .
1039 511 1046 519 .
1080 494 1111 525 .;
1145 492 1242 533 pars
1274 491 1349 532 per
1371 479 1556 531 aliquam
1584 490 1678 532 pro-

268 551 449 591 babilem
485 555 665 605 utraque
698 565 751 592 ex
783 555 900 605 parte
922 550 1208 606 rationemfffl)
1269 552 1411 605 Atque
1442 552 1473 590 ii
1507 550 1678 604 quidem

215 609 219 612 ⁵
267 625 347 664 loci
380 637 640 677 communes,
680 624 836 678 quibus
869 627 1008 664 orator
1039 625 1083 664 in
1118 626 1422 666 constitutione
1464 626 1677 664 coniectu-

267 697 344 736 rali
380 697 528 750 utitur,
560 701 732 738 exstant
765 698 815 737 de
848 697 936 737 inv.
969 696 1022 748 H,
1045 696 1314 753 ,16,50--51.

408 769 504 809 Alia
535 771 696 810 ratione
730 769 779 810 de
813 769 1056 809 coniectura
1087 772 1360 822 praeceptum
1397 771 1459 808 est
1492 767 1541 807 de
1574 771 1678 820 part.

269 854 324 882 or.
365 842 747 894 32,110—-35,122.
827 841 917 890 Quo
965 839 1058 881 loco
1094 843 1260 894 oratori,
1307 842 1343 882 si
1380 842 1495 881 locos
1541 841 1585 880 in
1632 852 1678 880 re

267 915 430 967 positos
463 914 663 955 adhibere
710 915 835 966 volet,
884 914 991 954 duas
1025 915 1212 954 maxime
1259 927 1326 955 res
1363 912 1679 968 perspiciendas

269 997 362 1025 esse
388 985 617 1027 discimus:
653 999 821 1027 causam
849 990 888 1026 et
913 984 1166 1041 eventuin.3)
1227 987 1276 1026 In
1311 1000 1438 1027 causa
1459 991 1681 1027 accusator

270 1057 563 1099 demonstrare
612 1059 736 1100 debet
782 1072 870 1100 rem
904 1058 1058 1098 factam
1090 1059 1166 1111 illi,
1213 1060 1285 1112 qui
1318 1060 1522 1113 arguitur,
1573 1059 1682 1098 utili—

268 1134 396 1170 tatem
430 1131 677 1184 praebuisse
711 1132 761 1172 ab
786 1144 922 1184 eoque
945 1130 1054 1171 effici
1076 1133 1284 1184 potuisse3
1319 1132 1369 1172 ad
1403 1132 1681 1185 suspitionem

268 1203 601 1245 confirmandam
634 1205 759 1245 etiam
784 1208 926 1244 motus
960 1204 1200 1244 animorum
1229 1204 1524 1245 considerabit.
1577 1203 1679 1244 Mai-

268 1288 383 1316 orem
417 1281 556 1318 autem
593 1278 873 1330 suspitionem
904 1276 1074 1328 inferet,
1112 1278 1147 1317 si
1180 1282 1371 1330 eventus,
1409 1278 1434 1317 i.
1469 1289 1500 1318 e.
1534 1289 1679 1317 conse-

268 1351 442 1402 quentia
475 1351 596 1404 signa
641 1355 680 1390 et
712 1350 889 1402 vestigia
921 1349 1157 1402 protulerit,
1199 1362 1307 1403 quae
1340 1350 1473 1390 multa
1506 1361 1680 1390 enume-

267 1427 358 1463 rata
392 1422 587 1463 videmus
621 1423 672 1463 de
703 1428 806 1476 part.
841 1435 897 1462 or.
938 1423 1105 1474 33,114.
1169 1421 1287 1471 Quae
1320 1423 1355 1463 si
1389 1433 1473 1463 non
1497 1423 1682 1471 exstant,

268 1495 360 1536 loco
395 1496 611 1536 communi
658 1495 768 1535 dicet
814 1508 933 1535 reum
974 1494 1174 1536 facillime
1220 1495 1380 1536 indicia
1426 1495 1559 1534 vitare
1606 1505 1679 1546 po-

268 1570 412 1621 tuisse,
443 1569 485 1608 id
520 1568 636 1621 quod
669 1567 863 1608 defensor
894 1569 952 1608 ita
983 1568 1159 1620 refellet,
1193 1572 1237 1608 ut
1270 1568 1515 1621 „audaciam
1550 1570 1679 1606 teme-

267 1642 394 1691 ritati,
446 1654 531 1681 non
578 1640 831 1694 prudentiae
873 1641 1145 1681 coniunctam
1180 1641 1295 1682 esse“
1335 1639 1571 1681 contendat.
1635 1636 1679 1677 Si

269 1726 368 1754 vero
401 1714 481 1754 loci
514 1714 782 1755 extrinsecus
804 1716 1046 1759 sumuntur,
1080 1717 1304 1754 accusator
1328 1716 1458 1754 testes
1488 1709 1680 1752 laudabit

268 1787 410 1841 iisque
443 1788 580 1840 magis
599 1785 857 1826 credendum
883 1798 975 1826 esse
1007 1786 1210 1838 ostendet,
1244 1799 1370 1839 quam
1396 1783 1677 1839 argumentis3

269 1859 422 1900 deinde
441 1860 713 1913 quaestiones
732 1871 903 1912 quoque
917 1857 1146 1912 postulabit
1163 1871 1396 1911 eorumque
1414 1856 1681 1907 sententiam,

270 1933 344 1985 qui
377 1945 448 1973 eas
480 1932 697 1973 infirmare
743 1935 966 1982 conantur,
1011 1930 1211 1971 refutabit
1254 1935 1294 1971 et
1333 1929 1534 1970 irridebit.
1598 1926 1680 1968 De-

272 2005 417 2046 fensor
449 2010 591 2046 autem
640 2006 684 2045 10
719 2017 849 2045 causa
898 2007 936 2044 et
968 2004 1195 2044 utilitatem
1245 2007 1285 2044 et
1318 2003 1557 2043 facultatem
1598 2001 1680 2041 ele-

270 2090 371 2118 vare
404 2077 527 2119 debet
566 2081 606 2118 et
639 2078 947 2129 consequentia
981 2089 1040 2127 ea,
1090 2089 1199 2129 quae
1230 2076 1521 2130 proferuntur,
1566 2076 1679 2114 certa

269 2151 427 2191 indicia
460 2163 550 2191 esse
598 2150 783 2203 negabit,
831 2151 1019 2203 itemque
1068 2153 1197 2190 testes
1236 2152 1276 2189 et
1316 2149 1598 2202 quaestiones,
1645 2146 1681 2186 si

415 2318 446 2361 13
474 2318 534 2353 cfr.
564 2318 606 2351 de
633 2328 682 2352 or.
709 2316 754 2360 Il,
782 2316 903 2359 2:2‚683
930 2315 997 2358 III,
1027 2318 1174 2357 27‚106;
1203 2325 1252 2349 or.
1272 2315 1393 2357 15,47;
1419 2315 1683 2358 36,125——126;

271 2379 370 2415 Brut.
399 2382 514 2421 1246.

414 2440 447 2484 2)
475 2439 553 2481 Qua
577 2450 613 2473 re
640 2438 700 2473 alii
725 2438 793 2472 loci
819 2439 853 2472 et
879 2437 945 2471 loci
964 2447 1170 2480 communes
1194 2436 1289 2470 inter
1314 2445 1352 2469 se
1371 2434 1537 2468 differant
1562 2432 1680 2467 Cicero

270 2501 313 2534 de
339 2492 415 2536 inv,
442 2500 487 2542 Π,
516 2503 617 2541 16‚51
642 2499 709 2534 hoe
748 2499 851 2534 modo
879 2498 1084 2543 explicavit:
1127 2496 1190 2542 „Iu
1216 2494 1288 2529 illis
1313 2494 1408 2529 enim
1434 2493 1514 2528 finis
1541 2495 1605 2538 est,
1645 2494 1682 2527 ut

271 2562 318 2604 id,
347 2561 438 2605 quod
467 2562 608 2602 dicitur,
646 2571 771 2594 verum
797 2570 872 2594 esse
898 2559 1069 2600 videatur,
1109 2558 1146 2591 in
1171 2556 1240 2602 his,
1278 2556 1421 2590 tametsi
1453 2555 1519 2590 hoc
1545 2565 1680 2599 quoque

271 2622 383 2656 videri
409 2624 557 2665 oportet,
582 2626 700 2656 tamen
725 2621 807 2655 finis
833 2622 887 2655 est
912 2618 1141 2663 ainplitudo.“

414 2685 448 2724 3)
477 2682 538 2717 cfr.
564 2689 637 2726 top.
664 2683 780 2725 23,87‚
807 2681 868 2716 ubi
892 2681 988 2720 locis,
1016 2679 1075 2724 qui
1101 2690 1145 2713 ex
1172 2678 1290 2712 causis
1316 2680 1353 2711 et-
1376 2676 1510 2712 effectis
1535 2686 1678 2711 sumun-

271 2746 341 2786 tur,
368 2744 394 2778 ii
422 2744 606 2786 adduntur,
634 2753 720 2786 quos
749 2744 866 2777 orator
892 2753 933 2776 ex
959 2739 1160 2776 coniunctis
1185 2749 1347 2784 promere
1375 2744 1503 2782 potest.

1843 2999 1863 3138 Μ,ᾸΜἉ....
1854 2928 1863 2971 vn·
1853 2887 1863 2893 ι
1855 2807 1863 2845 vv.
1859 2761 1863 2763 .
