1863 3146
648 546 821 615 Caput
867 546 1123 614 primuni.

426 662 489 713 De
529 662 779 726 partitione
821 663 1049 714 materiae
1089 662 1343 713 oratoriae.

321 756 372 796 In
405 758 543 810 primo
567 756 772 797 librorum
807 757 882 809 „de
903 758 1173 798 inventione-“
1197 756 1340 798 Cicero
1374 755 1592 795 materiam

182 829 408 870 oratoriam
442 830 485 869 in
519 830 596 869 tria
629 841 784 882 genera
819 820 1049 870 distribuit:
1084 831 1125 869 in
1159 842 1297 882 genus
1330 829 1590 885 demonstra—

180 902 332 954 tivum,
366 901 702 951 deliberativum,
735 902 954 953 iudiciale3
987 904 1032 942 in
1066 914 1201 955 eaque
1233 902 1458 955 partitione
1492 901 1589 940 Ari-

181 973 372 1015 stotelem
408 975 529 1027 sequi
562 973 641 1014 sibi
675 975 794 1014 visus
828 978 900 1025 est,
947 975 988 1014 id
1029 974 1142 1027 quod
1191 974 1241 1014 de
1278 975 1365 1015 inv.
1404 972 1436 1025 Ι,
1485 971 1590 1024 551)

179 1046 245 1086 his
290 1045 432 1086 verbis
473 1047 700 1099 expressit:
750 1046 1026 1098 „Aristoteles
1060 1050 1212 1098 autem,
1261 1047 1332 1099 qui
1381 1045 1478 1085 hnic
1511 1045 1590 1084 arti

179 1119 363 1173 plurima
428 1118 674 1159 adiumenta
739 1123 868 1172 atque
921 1121 1167 1159 ornamenta
1238 1117 1591 1161 subministravit,

180 1190 318 1232 tribus
356 1192 401 1231 in
434 1191 662 1245 generibus
701 1203 843 1231 rerum
876 1191 1036 1229 versari
1074 1190 1255 1230 rhetoris
1288 1189 1474 1230 officium
1506 1202 1588 1243 pu-

179 1265 307 1317 tavit7
361 1264 709 1320 demonstrativo,
768 1261 1064 1313 deliberativo,
1111 1262 1300 1302 iudiciali
1335 1295 1341 1302 .
1378 1295 1384 1302 .
1424 1294 1430 1301 .
1465 1294 1473 1303 .
1523 1260 1589 1312 Et,

181 1336 541 1390 quemadmodum
574 1340 717 1376 nostra
750 1334 828 1375 fert
851 1335 1007 1387 opinio,
1039 1335 1214 1375 oratoris
1238 1348 1304 1375 ars
1338 1338 1377 1374 et
1409 1333 1587 1374 facultas

181 1410 227 1449 in
261 1409 338 1450 hac
386 1410 562 1449 materia
609 1408 815 1462 tripertita
862 1407 1022 1447 versari
1076 1406 1358 1448 existimanda
1401 1406 1502 1457 est;‘g
1548 1411 1588 1445 et

186 1481 333 1522 eadem
366 1481 417 1522 de
448 1483 536 1521 inv,
579 1480 611 1533 I,
642 1480 710 1530 7,9
743 1480 949 1533 repetivit,
984 1491 1079 1519 cum
1104 1479 1273 1519 diceret:
1308 1477 1470 1530 „Quare
1503 1490 1589 1516 ma-

181 1554 287 1594 teria
320 1553 494 1607 quidem
527 1551 652 1594 nobis
679 1552 909 1592 rhetoricae
932 1550 1101 1591 ridetur
1124 1552 1238 1602 artis,
1272 1563 1397 1603 qnam
1426 1550 1588 1589 Aristo—

177 1625 252 1666 teli
295 1627 432 1666 visam
477 1639 569 1667 esse
613 1624 843 1666 diximusss
914 1623 996 1664 Sed
1039 1625 1082 1663 in
1115 1624 1192 1663 hac
1231 1635 1274 1663 re
1314 1622 1469 1662 erravit
1508 1633 1586 1662 nec

178 1701 291 1739 recte
337 1699 562 1751 intellexit,
611 1711 720 1752 quae
772 1697 1137 1750 praeclarissimus
1192 1696 1264 1736 ille
1312 1694 1587 1747 philosophus

178 1771 392 1822 sensisset,
442 1776 489 1812 ut
534 1773 619 1812 iam
663 1768 837 1824 Bader2)
889 1773 927 1810 et
965 1766 1248 1820 Volkmann⁵⁵)
1287 1767 1383 1807 luce
1430 1767 1586 1806 clarius

178 1842 593 1885 demonstraverunt.
638 1841 746 1883 Nam
779 1847 922 1882 noster
942 1842 1020 1881 tria
1043 1840 1116 1880 illa
1137 1851 1306 1893 genera,
1328 1851 1435 1891 quae
1459 1850 1587 1891 supra

177 1916 415 1968 attulimus,
462 1915 681 1956 materiam
723 1915 824 1954 artis
863 1913 1103 1967 appellavit,
1139 1909 1392 1952 Aristoteles
1432 1913 1586 1962 autem,

183 1991 229 2028 ut
259 1987 400 2029 Bader
426 1988 545 2040 dixit,
580 1987 854 2040 „rhetoricam
878 1998 1016 2039 neque
1039 1985 1154 2025 civili
1177 1984 1330 2024 rationi
1353 1982 1588 2035 subiunxit,

179 2072 319 2113 neque
350 2061 570 2101 materiam
619 2060 713 2100 eius
746 2060 870 2099 aliam
905 2059 1004 2099 fecit
1037 2070 1083 2097 ac
1117 2056 1330 2110 Gorgias“,
1377 2056 1583 2108 antiquis-

180 2133 314 2177 simus
346 2133 418 2174 ille
450 2133 592 2173 rhetor
623 2132 870 2182 Leontinus,
913 2131 986 2184 qui
1022 2129 1220 2170 omnibus
1254 2129 1304 2169 de
1336 2127 1463 2168 rebus
1496 2140 1586 2167 ora-

177 2207 310 2246 torem
357 2206 512 2259 optime
559 2216 682 2258 posse
731 2204 870 2244 dicere
903 2206 1125 2253 statuerat3
1176 2204 1216 2242 et
1263 2201 1364 2241 haec
1413 2200 1584 2254 quidem

178 2278 477 2331 cognoscimus
517 2289 572 2317 ex
609 2276 848 2317 Aristotelis
888 2275 1010 2327 libro,
1049 2276 1123 2327 qui
1158 2273 1407 2315 inscribitur
1438 2270 1583 2330 »τέχνη

320 2418 357 2462 1)
394 2418 524 2453 Libros
563 2419 628 2462 „de
673 2417 902 2452 invention&
949 2427 992 2450 ex
1038 2415 1303 2450 Friedericiana
1347 2413 1585 2458 recognitione

175 2477 292 2522 [Lips.
321 2477 428 2524 1884]
460 2479 657 2524 citavimus,
694 2477 830 2522 reliqua
867 2479 987 2513 autem
1014 2476 1191 2511 Ciceronis
1229 2476 1358 2519 scripta
1398 2485 1440 2510 ex
1468 2485 1585 2510 recen-

177 2539 274 2573 sione
301 2537 425 2573 Orellii
451 2541 487 2574 et
511 2540 647 2574 Baiteri
675 2538 770 2585 [Tur.
801 2537 916 2584 1844}

317 2599 352 2644 2)
380 2600 456 2643 „De
482 2599 661 2635 Ciceronis
697 2600 955 2635 rhetoricorum
982 2598 1118 2635 librisf‘
1157 2597 1251 2631 Diss.
1277 2596 1396 2640 inaug.
1447 2595 1583 2642 Gryph.

176 2660 268 2697 1879
294 2671 328 2706 p.
356 2664 458 2698 2—3.

318 2721 354 2766 3)
382 2721 576 2766 „Rhetorik
601 2722 663 2756 der
688 2721 862 2756 Griechen
891 2721 962 2755 und
987 2720 1138 2755 Romer‘·
1167 2720 1216 2763 Ἴ).
1244 2721 1301 2754 20.

1302 2788 1347 2823 1*
