1863 3146
886 217 942 223 —
977 195 1119 234 gg·—

297 311 499 353 continet.
578 311 675 351 Illic
724 310 834 350 enim
885 309 1033 351 Cicero
1079 312 1507 374 coniecturaellooos
1554 315 1626 352 aut
1667 313 1712 352 in

297 381 603 423 verisimilibus
653 385 728 422 aut
773 382 816 421 in
857 384 1037 436 propriis
1070 397 1212 424 rerum
1246 384 1360 424 notis
1392 384 1552 424 versari
1585 383 1709 434 dixit3

295 458 336 493 et
382 454 628 494 verisimilia
677 453 848 507 quidem
897 467 951 495 ex
1004 457 1206 511 personis,
1263 456 1378 507 10013,
1437 455 1713 509 temporibus,

293 523 433 573 factis,
485 527 667 578 eventis,
722 539 867 566 rerum
913 528 1101 581 ipsarum
1150 528 1503 581 negotiorumque
1550 529 1712 569 naturis

296 598 491 651 sumpsit,
539 611 644 652 quas
689 612 755 639 res
799 600 952 640 iterum
1001 600 1050 640 ab
1085 613 1133 640 eo
1166 601 1209 640 in
1243 604 1380 654 partes
1413 601 1598 641 minores
1631 600 1712 641 dis-

297 669 478 710 tributas
512 684 602 712 esse
635 670 759 711 nobis
792 672 867 710 vix
903 673 1326 713 commemorandum
1349 676 1431 724 est,
1484 674 1712 714 maximam

294 744 436 783 autem
483 743 609 785 fidem
650 744 786 784 facere
824 745 991 797 putavit
1025 745 1284 798 exemplum,
1334 745 1620 785 introductam
1653 746 1713 786 rei

295 815 631 868 similitudinem,
678 816 880 858 fabulam.
960 816 1034 857 Sin
1081 830 1135 857 ex
1182 818 1362 871 propriis
1408 830 1554 858 rerum
1604 818 1712 859 notis

295 887 378 927 loci
411 891 656 940 sumuntur,
704 888 884 941 vestigia
915 888 1028 938 facti,
1077 902 1361 943 quaecunque
1393 893 1572 942 exstant,
1619 904 1712 944 pro-

297 959 472 1000 ferenda
506 972 598 1001 esse
632 960 789 1002 docuit.
841 959 892 1001 In
925 963 1229 1003 constitutione
1264 961 1482 1003 definitiva
1514 966 1554 1003 et
1575 975 1711 1016 genus

296 1032 598 1085 exponendum
646 1036 709 1073 est
759 1036 799 1073 et
833 1035 1088 1087 proprietas;
1138 1047 1262 1088 saepe
1306 1036 1430 1075 etiam
1464 1048 1517 1076 ex
1550 1039 1712 1076 contra-

296 1105 384 1157 riis,
427 1104 724 1158 dissimilibus,
770 1106 945 1159 paribus
994 1107 1171 1148 definire
1214 1107 1429 1148 debemus.
1495 1107 1581 1148 Ubi
1613 1120 1713 1149 vero

297 1177 348 1217 de
398 1178 600 1231 qualitate
650 1179 882 1232 quaeritur,
931 1180 1026 1220 iure
1075 1180 1234 1220 factum
1268 1191 1360 1219 esse
1393 1180 1583 1221 dicemus
1618 1180 1713 1233 „de-

298 1250 483 1303 pellendi
531 1254 605 1291 aut
653 1250 889 1291 ulciscendi
939 1251 1095 1291 doloris
1146 1252 1283 1304 gratia
1331 1256 1406 1292 aut
1437 1253 1606 1306 pietatis
1639 1257 1714 1293 aut

295 1323 523 1376 pudicitiae
556 1326 631 1363 aut
656 1323 876 1376 religionis
909 1327 982 1364 aut
1014 1324 1176 1377 patriae
1211 1325 1385 1365 nomine
1418 1328 1491 1366 aut
1524 1325 1711 1378 denique

296 1396 557 1448 necessitate,
588 1396 827 1448 inscientia,
859 1397 1001 1437 casn.“

436 1467 591 1521 Itaque
609 1481 663 1509 ex
680 1467 880 1509 omnibus
899 1468 1020 1509 libris
1052 1468 1274 1510 rhetoricis
1307 1470 1602 1523 cognoscimus
1620 1483 1713 1524 per-

294 1540 451 1581 multos
493 1553 584 1581 esse
615 1540 742 1592 locos,
789 1554 899 1594 quos
933 1545 1072 1582 orator
1102 1545 1271 1595 paratos
1304 1541 1459 1583 habere
1492 1542 1626 1595 debet,
1677 1544 1712 1584 si

296 1612 349 1652 ad
394 1613 622 1653 dicendum
656 1613 829 1653 accedit.
908 1613 991 1655 Sed
1023 1615 1141 1654 nihili
1177 1618 1239 1655 est
1272 1627 1343 1655 eos
1375 1615 1594 1668 reperisse,
1627 1616 1709 1656 nisi

293 1686 329 1724 si
376 1684 518 1725 verbis
566 1686 813 1726 clarissimis
847 1686 1256 1740 diligentissimeque
1291 1687 1433 1728 electis
1466 1692 1710 1729 tractantur.

294 1757 523 1811 Propterea
577 1756 722 1798 Cicero
778 1759 945 1812 saepius
999 1759 1272 1813 explicationi
1324 1759 1517 1801 locorum
1570 1761 1709 1801 statim

299 1830 444 1880 brevia
459 1834 682 1884 praecepta
700 1831 750 1871 de
763 1843 909 1871 eorum
928 1832 1177 1873 tractatione
1191 1832 1380 1885 adnexit,
1399 1846 1511 1887 quae
1526 1834 1712 1874 maxime

293 1904 346 1943 ad
379 1904 657 1944 variationem
691 1904 895 1944 orationis
927 1907 1134 1958 spectant,
1168 1907 1370 1958 quoniam
1403 1906 1522 1946 nulla
1554 1906 1635 1946 alia
1667 1918 1712 1946 re

292 1979 432 2016 orator
478 1976 681 2030 impedire
732 1981 880 2030 potest,
933 1978 1164 2030 quominus
1196 1978 1244 2030 ii,
1299 1979 1412 2032 apud
1461 1991 1566 2031 quos
1615 1980 1712 2032 agit,

294 2049 507 2089 audiendo
553 2049 858 2103 clefatigentur3
909 2064 1006 2090 nam
1057 2050 1283 2103 „omnibus
1329 2052 1373 2091 in
1408 2050 1533 2091 rebus
1567 2051 1712 2091 simili-

295 2120 397 2161 tudo
441 2125 505 2161 est
551 2122 755 2162 satietatis
803 2122 958 2162 111111οΥιι
1008 2123 1064 2162 ait
1097 2123 1242 2163 Cicero
1277 2123 1327 2164 de
1359 2124 1443 2163 inv.
1476 2123 1508 2174 Ι,
1542 2124 1610 2176 41,
1645 2124 1710 2175 76,

296 2193 370 2233 ubi
417 2194 545 2234 11111113
589 2194 650 2233 rei
682 2194 872 2234 tractatio
907 2198 1061 2244 exstat3
1113 2208 1242 2248 quare
1275 2196 1301 2237 1.
1335 2209 1370 2237 0.
1405 2194 1581 2237 oratoris
1615 2209 1706 2237 esse

296 2264 407 2307 dixit
452 2266 499 2306 in
531 2265 872 2320 argumentando
906 2270 997 2307 tum
1031 2265 1282 2308 inductione
1315 2269 1389 2320 uti,
1421 2273 1511 2309 tum
1545 2267 1711 2309 ratioci-

296 2336 501 2389 natione‚'
529 2337 653 2379 0111113
685 2340 728 2378 in
760 2338 955 2393 partibus
988 2352 1072 2379 non
1106 2352 1272 2394 semper
1304 2342 1484 2382 eundem
1521 2339 1711 2382 ordinem

296 2424 375 2451 nec
422 2424 649 2452 numerum
699 2412 870 2453 retineri
921 2416 1145 2468 oporteret,
1189 2417 1280 2453 tum
1316 2415 1442 2454 etiam
1474 2412 1518 2454 in
1553 2413 1712 2468 expoli-

295 2483 412 2525 tione
438 2485 726 2539 singularum
774 2485 959 2538 partium
1007 2498 1133 2539 quam
1166 2485 1400 2527 maximam
1434 2487 1710 2527 variationem

297 2559 621 2599 commendavit.
686 2557 838 2610 Neque
870 2569 919 2597 ea
952 2557 1089 2598 solum
1122 2558 1165 2598 in
1198 2559 1276 2599 1100
1299 2558 1457 2614 scripto
1485 2555 1710 2612 praecepit,

297 2629 372 2670 sed
405 2628 530 2670 etiam
562 2629 756 2683 pluribus
789 2629 894 2670 locis
929 2628 1109 2670 aliorum
1127 2631 1334 2673 librorum
1354 2630 1562 2687 repetivit,
1596 2635 1643 2670 ut
1662 2630 1712 2671 de

295 2714 355 2744 or.
377 2701 432 2754 II,
460 2703 527 2755 41,
550 2701 792 2754 ivo—177,
815 2702 890 2744 ubi
910 2701 1123 2743 Antonius
1147 2704 1304 2759 eadem,
1337 2716 1447 2761 quae
1469 2701 1713 2744 rettulimus
