1863 3146
728 205 957 244 -17—

136 322 240 374 part.
273 332 330 362 or.
370 321 493 374 19‚65
529 322 765 362 definitioni
805 322 1011 371 attribuit,
1059 335 1157 362 oum
1191 335 1282 363 eam
1332 326 1371 363 et
1403 323 1453 363 de
1487 336 1546 364 or.

137 392 215 444 ΠΙ,
268 393 420 445 19,116
455 398 495 435 et
526 397 611 448 top.
647 396 774 447 2284
818 396 863 435 in
905 395 1273 447 „consecutionis‘
1312 395 1378 435 vel
1417 396 1548 447 „iuris

138 468 178 506 et
209 464 390 506 iniuriae
423 466 733 507 distinctionis“
766 467 957 520 partibus
990 470 1291 508 enumerasset.

275 537 369 590 Sed,
402 551 687 594 quaecunque
720 543 819 580 sunt
862 540 951 580 sive
984 541 1296 596 contractiones
1329 541 1418 580 sive
1453 553 1545 580 mu-

134 609 316 649 tationes
348 611 532 663 partium
565 624 649 651 non
682 612 739 651 ita
765 613 976 665 gravium,
1009 624 1081 652 eae
1113 625 1190 652 nos
1222 612 1426 665 impedire
1460 624 1545 652 non

135 685 324 735 possunt,
372 684 602 735 quominus
635 683 904 737 partitionem
947 685 1246 736 quaestionum
1280 684 1546 725 infinitarum

136 765 191 793 ex
221 754 285 806 iis,
334 767 442 807 quos
476 768 603 809 supra
635 755 867 807 attulimus,
915 756 1019 797 loeis
1052 758 1152 798 satis
1192 757 1377 798 dilucide
1418 758 1547 810 perei-

135 839 316 880 piamus.

457 901 504 952 B.
557 901 621 952 De
661 900 1016 964 quaestionibus
1054 901 1220 954 finitis.

278 982 490 1023 Omnibus
522 983 640 1031 loeis,
682 983 756 1023 ubi
791 983 937 1023 Cicero
979 985 1028 1025 de
1063 986 1380 1038 quaestionibus
1412 986 1545 1027 finitis

135 1055 378 1096 distinctius
403 1056 645 1108 disputavit,
679 1068 748 1096 eas
777 1056 822 1095 in
856 1056 936 1095 tria
962 1068 1118 1108 genera
1143 1056 1301 1098 divisit:
1337 1059 1376 1097 in
1412 1071 1545 1112 genus

135 1128 537 1180 demonstrativum,
602 1127 948 1179 deliberativum,
996 1128 1207 1169 iudiciale.
1281 1130 1350 1170 Sic
1400 1131 1450 1171 de
1489 1144 1545 1171 or.

132 1199 168 1251 Ι,
213 1199 366 1249 31,141
410 1200 513 1240 haee
553 1199 693 1241 Crassi
738 1199 867 1240 verba
905 1200 1108 1253 legimus:
1148 1201 1256 1252 „Sed
1303 1215 1543 1255 causarum,

135 1284 244 1324 quae
283 1272 368 1312 sint
409 1286 432 1312 a
471 1273 688 1313 communi
736 1273 984 1325 quaestione
1033 1274 1260 1324 seiunctae,
1308 1276 1460 1328 partim
1499 1277 1545 1316 in

133 1341 306 1384 iudiciis
346 1346 521 1398 versari,
562 1346 715 1399 partini
760 1346 804 1384 in
850 1344 1245 1398 deliberationibus3
1288 1360 1379 1388 esse
1419 1349 1544 1388 etiam

133 1428 270 1470 genus
304 1417 490 1469 tertium,
533 1418 648 1471 quod
687 1419 729 1457 in
770 1417 995 1458 laudandis
1039 1422 1114 1458 aut
1146 1420 1438 1473 vituperandis
1472 1421 1545 1460 ho-

133 1488 322 1530 minibus
369 1489 637 1543 poneretur;“
685 1493 725 1530 et
766 1490 982 1530 Antonius
1015 1490 1065 1531 de
1098 1504 1156 1531 or.
1190 1491 1244 1543 H,
1288 1493 1544 1545 ΝΛΞ-43,

133 1561 261 1602 dixit:
311 1564 496 1613 „certum
530 1565 683 1613 autem,
736 1562 778 1600 in
830 1574 913 1614 quo
948 1563 1049 1615 quid
1097 1564 1140 1603 in
1186 1566 1376 1617 personis
1419 1568 1459 1605 et
1497 1566 1542 1605 in

125 1634 354 1674 constituta
401 1647 446 1675 re
484 1638 524 1674 et
571 1634 744 1674 definita
792 1638 1085 1687 quaereretur3
1143 1637 1386 1677 cuiusmodi
1434 1642 1534 1678 sunt

133 1719 242 1760 quae
274 1707 316 1746 in
350 1707 440 1747 foro
473 1709 600 1759 atque
632 1707 673 1746 in
709 1708 866 1747 civium
901 1708 1043 1748 causis
1077 1708 1545 1762 disoeptationibusque

130 1782 368 1819 versantur.
402 1779 472 1819 43.
521 1778 582 1819 Ea
615 1779 718 1819 mihi
750 1779 949 1819 videntur
989 1783 1064 1820 aut
1095 1781 1138 1820 in
1171 1781 1243 1821 lite
1275 1782 1438 1822 oranda
1472 1785 1544 1822 aut

131 1852 175 1891 in
210 1851 387 1892 consilio
420 1851 560 1892 dando
594 1864 685 1892 esse
713 1852 863 1905 posita.
926 1851 1035 1892 Nam
1068 1852 1178 1893 illud
1210 1855 1397 1906 tertium,
1433 1854 1544 1906 quod

133 1927 173 1965 et
204 1937 227 1964 a
260 1923 411 1964 Crasso
450 1927 608 1964 tactum
648 1927 711 1964 est
751 1928 804 1974 et,
845 1927 894 1964 ut
926 1924 1063 1976 audio,
1102 1925 1173 1965 ille
1218 1926 1307 1978 ipse
1339 1926 1546 1966 Aristote-

131 1997 236 2037 les.
273 2028 280 2036 .
316 2028 324 2036 .
358 1997 566 2048 adiunxit,
615 1997 779 2037 etiamsi
828 2010 933 2050 opus
984 2000 1057 2050 est,
1105 1998 1248 2038 minus
1297 2000 1358 2037 est
1402 2000 1543 2036 tamen

132 2069 462 2110 necessarium.“
498 2067 628 2122 [Dicit
661 2069 712 2109 de
744 2082 900 2122 genere
934 2068 1294 2123 demonstrativo]
1360 2067 1546 2116 Quibus-

133 2154 232 2182 cum
272 2141 401 2195 plane
439 2142 652 2182 consentit
689 2142 880 2183 eiusdem
921 2142 1161 2195 explicatio,
1204 2152 1333 2194 quam
1377 2139 1545 2178 inveni-

131 2227 228 2266 mus
261 2214 312 2261 de
345 2227 402 2254 or.
434 2213 490 2265 11,
540 2213 688 2263 15‚ss5:
733 2227 889 2266 „unum
931 2213 1004 2267 [se.
1045 2212 1198 2267 genus]
1239 2212 1290 2251 de
1329 2214 1440 2251 certa
1480 2210 1547 2250 de-

130 2285 335 2339 finitaque
367 2298 507 2338 causa,
556 2287 703 2339 quales
736 2290 851 2337 sunt,
903 2299 1010 2339 quae
1053 2287 1098 2325 in
1137 2284 1298 2335 litibus,
1350 2295 1459 2336 quae
1499 2284 1545 2322 in

132 2358 512 2400 deliberationibus
554 2362 799 2413 versantur3
847 2359 983 2410 addat⁷
1032 2358 1068 2397 si
1102 2357 1197 2409 quis
1244 2355 1369 2407 volet)
1417 2356 1544 2395 etiam

131 2430 472 2485 laudationes.“¹)
532 2430 636 2471 Tum
686 2430 864 2472 Crassus
905 2431 955 2471 de
995 2442 1053 2471 or.
1086 2428 1162 2478 ΙΙΙ,
1201 2428 1355 2480 28,109
1397 2427 1544 2468 eadem

132 2503 295 2543 ratione
344 2515 493 2543 causas
541 2502 766 2556 distribuit,
815 2516 913 2543 cum
963 2502 1137 2542 diceret:
1187 2501 1355 2553 „Atque
1394 2499 1545 2540 horum

277 2595 311 2640 1)
336 2595 413 2629 Etsi
431 2594 611 2629 Antonius
636 2594 691 2628 his
709 2594 795 2629 loeis
813 2604 925 2638 genus
950 2591 1265 2628 demonstrativum
1285 2591 1545 2636 quodammodo

132 2655 266 2691 reicere
290 2656 439 2697 videtur,
471 2656 590 2690 tamen
624 2656 666 2689 de
698 2665 738 2689 eo
766 2655 926 2689 accurata
960 2656 994 2688 et
1020 2652 1208 2697 diligentia
1237 2652 1424 2696 praecepta
1450 2650 1548 2685 dedit

126 2717 193 2761 [de
219 2727 268 2752 or.
295 2716 343 2760 ΙΙ,
371 2716 605 2759 84‚341-85,
631 2715 725 2760 349],
752 2715 794 2748 de
821 2714 950 2759 quibus
975 2715 1067 2750 infra
1091 2713 1195 2748 nobis
1220 2712 1409 2748 dicendum
1435 2712 1498 2747 est.

1259 2781 1280 2813 2
