1863 3146
722 202 954 242 -01—

131 320 286 360 iniuria
317 319 562 363 lacessierit.
628 319 931 373 Comparatio1)
966 322 1041 369 est,
1084 332 1180 360 cum
1222 320 1335 360 aliud
1369 321 1540 374 aliquod

126 392 287 432 factum
333 394 494 432 rectum
546 394 619 432 aut
665 392 769 432 utile
817 392 1100 445 contenditur,
1154 393 1268 446 quod
1316 397 1362 433 ut
1408 394 1539 446 fieret,

128 464 250 517 illud,
285 464 398 518 quod
422 465 627 517 arguitur,
661 463 817 504 dicitur
840 476 933 505 esse
956 466 1245 507 commissum.
1298 466 1441 517 11,16.
1489 466 1541 506 In

128 540 279 590 quarta
325 537 638 589 constitutione,
695 549 822 589 quam
876 536 1205 591 translativam&
1258 538 1543 591 nominamus,

127 610 221 649 eius
253 609 568 649 constitutionis
602 612 665 650 est
698 609 1000 661 controversia,
1047 622 1143 650 cum
1189 614 1261 651 aut
1299 623 1425 663 quein
1471 614 1543 651 aut

130 681 302 734 quicum
353 684 427 721 aut
467 681 678 735 quomodo
720 685 794 721 aut
833 681 945 734 apud
986 694 1093 734 quos
1125 687 1197 723 aut
1230 695 1313 736 quo
1346 684 1438 723 iure
1471 687 1544 724 aut

129 766 214 807 quo
247 758 438 807 tempore
473 766 596 806 agere
629 757 829 807 oporteat,
876 756 1096 806 quaeritur
1138 758 1211 795 aut
1255 756 1425 795 omnino
1470 757 1543 796 ali-

129 827 233 880 quid
283 826 334 866 de
381 827 712 866 commutatione
751 829 823 866 aut
860 822 1146 868 infirmatione
1179 828 1356 868 actionis
1389 830 1541 881 agitur.

126 898 275 939 Huius
323 898 637 938 constitutionis
680 897 970 951 Hermagoras
1013 901 1213 941 inventor
1260 912 1351 940 esse
1399 902 1543 941 existi—

126 974 308 1011 matur.
343 1002 350 1009 .
385 1003 393 1011 .
436 970 584 1022 12,16.
650 969 703 1009 Et
753 971 1078 1012 constitutiones
1124 976 1163 1013 et
1213 985 1360 1013 earum
1403 978 1542 1027 partes

124 1043 440 1097 exposuimus.“
503 1041 627 1082 Hanc
667 1046 806 1082 autem
848 1045 1015 1095 generis
1048 1045 1264 1085 rationalis
1297 1045 1541 1099 explicatio—

129 1129 227 1157 nem
278 1118 523 1169 sequuntur
565 1116 876 1155 controversiae
909 1127 963 1155 ex
997 1114 1200 1169 script0‚3)
1250 1130 1355 1170 quas
1389 1119 1543 1159 consti—

125 1189 314 1229 tutiones
369 1187 571 1241 appellari
618 1187 762 1228 Cicero
817 1200 902 1227 non
958 1188 1062 1239 vult,
1116 1201 1307 1242 quasque
1357 1190 1406 1231 de
1453 1191 1540 1233 inv,

127 1260 160 1312 Ι,
196 1261 262 1313 13,
287 1260 336 1300 Π
371 1260 450 1300 hoc
482 1260 606 1300 modo
639 1260 888 1314 explicavit:
928 1260 1056 1312 „Eius
1094 1265 1236 1301 autem
1271 1262 1342 1315 [se.
1378 1267 1544 1303 contro-

130 1333 296 1373 versiae
330 1345 384 1373 ex
417 1333 563 1385 scripti
594 1330 766 1388 genere]
801 1346 968 1386 genera,
1018 1345 1124 1385 quae
1164 1339 1355 1387 separata
1389 1338 1488 1375 sunt
1521 1348 1543 1375 a

134 1404 526 1457 constitutionibus,
571 1407 761 1458 quinque
809 1410 921 1446 sunt.
985 1404 1093 1446 Nam
1142 1410 1233 1446 tuni
1281 1407 1409 1447 verba
1452 1408 1544 1460 ipsa

131 1477 332 1519 videntur
373 1490 470 1518 cum
511 1478 719 1518 sententia
753 1478 970 1531 scriptoris
1004 1477 1258 1533 dissidemff)
1302 1483 1392 1519 tum
1434 1480 1547 1520 inter

131 1563 176 1591 se
226 1551 334 1591 duae
381 1550 496 1602 leges
544 1553 616 1590 aut
662 1550 810 1604 plures
860 1549 1146 1605 discreparem
1192 1555 1283 1592 tum
1327 1552 1381 1604 id,
1430 1552 1545 1605 quod

130 1624 337 1677 scriptum
373 1627 446 1675 est,
493 1622 600 1663 duas
632 1626 704 1663 aut
735 1624 878 1676 plures
910 1636 978 1664 res
1011 1623 1310 1678 significarest‘)
1352 1628 1442 1665 tum
1492 1637 1545 1665 ex

129 1709 195 1747 ee,
246 1694 360 1749 quod
407 1695 612 1748 scriptum
655 1699 731 1748 est,
777 1696 906 1749 aliud,
954 1696 1065 1749 quod
1113 1709 1197 1737 non
1233 1698 1437 1751 scriptum
1473 1702 1547 1749 est,

131 1766 376 1822 inveniri37)
408 1771 500 1807 tum
532 1768 596 1808 vis
621 1767 740 1808 verbi
765 1770 887 1821 quasi
909 1770 952 1809 in
978 1768 1196 1809 definitiva
1230 1770 1547 1821 constitutione,

132 1840 178 1879 in
226 1852 310 1892 quo
355 1840 492 1893 posita
539 1838 629 1896 sitss)
676 1842 837 1894 quaeri.
902 1840 1043 1889 Quare
1089 1842 1274 1895 primum
1317 1855 1453 1895 genus
1493 1842 1544 1882 de

134 1913 288 1966 scripto
341 1916 381 1952 et
428 1914 650 1966 sententia,
708 1914 945 1954 secundum
999 1927 1053 1955 ex
1100 1916 1321 1955 contrariis
1368 1915 1547 1969 legibus,

130 1985 305 2025 tertium
353 1984 611 2038 ambiguum,
668 1990 870 2040 quartum
928 1987 1288 2038 ratiocinativum,
1344 1988 1545 2041 quintum

135 2056 403 2098 definitivum
437 2059 746 2101 nominamus.“

277 2128 358 2170 Sed
405 2133 465 2171 tot
512 2133 868 2173 constitutionum
905 2133 1072 2173 illarum
1113 2136 1153 2173 et
1184 2134 1367 2186 partium
1402 2132 1546 2174 Cicero

278 2298 312 2340 1)
341 2296 404 2331 cfr.
430 2297 472 2331 de
497 2298 570 2333 inv,
597 2298 642 2342 II,
670 2299 796 2341 24‚7·2.

277 2358 312 2402 2)
340 2358 399 2392 cfr.
425 2358 468 2392 de
492 2359 564 2394 inv.
588 2359 637 2403 11,
668 2363 792 2405 19‚57.

277 2418 312 2463 3)
339 2417 402 2453 cfr.
429 2420 471 2453 de
498 2419 568 2455 inV.
594 2420 641 2462 ΙΙ,
667 2423 722 2463 40,
740 2422 818 2459 116.

277 2479 313 2523 4)
339 2478 401 2515 cfr.
429 2480 472 2514 de
497 2480 569 2514 inv.
594 2480 640 2523 ΙΙ,
667 2485 724 2523 42,
743 2485 818 2518 121.

279 2539 315 2583 5)
342 2539 402 2576 cfr.
428 2541 470 2575 de
497 2541 566 2578 inv.
591 2541 638 2583 Π,
664 2545 816 2587 49,144.

280 2599 315 2645 6)
342 2599 403 2634 cfr.
429 2602 471 2636 de
495 2601 568 2637 inv,
594 2602 640 2646 ΙΙ,
666 2605 724 2644 40,
740 2606 818 2639 116.

280 2660 316 2706 7)
341 2660 401 2696 cfr.
428 2663 470 2697 de
496 2663 568 2697 inv.
593 2663 640 2706 Π,
668 2663 817 2706 50‚148.

280 2721 318 2766 8)
344 2723 406 2757 cfr.
433 2724 475 2758 de
501 2725 575 2760 inv.
601 2724 648 2767 ΙΙ,
675 2727 826 2769 51,153.
