1863 3146
748 210 980 249 *95-

157 328 240 368 loci
271 340 533 379 communes,
581 327 738 381 quibus
788 331 966 379 uterque
1012 327 1072 365 uti
1121 329 1270 379 potest,
1319 326 1576 367 exhibentur

160 401 212 442 de
243 401 330 440 inv.
362 399 416 453 II,
450 399 588 453 26,77.

302 472 422 513 Sicut
453 473 497 512 in
531 473 856 526 comparatione,
906 473 964 512 ita
1012 472 1055 510 in
1103 472 1306 512 relatione
1353 470 1578 525 criminisl)

161 556 333 598 quoque
366 548 586 585 accusator
618 557 671 585 ex
704 545 796 585 aliis
829 543 1206 584 constitutionibus
1240 557 1298 596 ea,
1340 556 1448 597 quae
1481 547 1577 596 apta

161 616 372 669 videntur,
405 617 549 668 eliget3
584 616 737 658 deinde
769 617 905 669 illum,
937 618 979 656 in
1015 628 1142 669 quem
1187 617 1347 656 crimen
1385 615 1578 664 refertur,

167 689 393 730 defendere
426 690 607 743 eiusque
640 693 861 743 peccatum
896 702 992 729 cum
1026 701 1073 728 eo
1092 701 1334 742 comparare
1359 687 1494 739 debet,
1527 688 1577 727 de

164 775 252 815 quo
299 774 428 802 causa
475 763 707 803 constituta
757 765 836 815 est,
885 764 1131 802 accusatum
1187 764 1327 801 autem
1379 761 1579 812 „alterius

160 835 342 875 iniurias
375 835 546 875 iniuriis
579 837 653 875 aut
686 838 854 888 peccata
886 823 1070 887 peccatis
1103 834 1270 874 ulcisci“
1301 834 1420 874 nullo
1454 833 1577 874 modo

163 906 364 948 debuisse
397 907 717 960 demonstrabit,
749 905 913 947 etiamsi
936 907 1144 946 iudicium
1167 907 1217 947 de
1238 907 1290 947 iis
1313 919 1397 947 non
1419 906 1577 946 factum

163 983 285 1032 esset,
316 983 550 1034 propterea,
599 981 711 1033 quod
759 992 806 1020 ea
854 980 1018 1019 ratione
1066 992 1190 1019 omne
1238 979 1443 1019 iudicium
1486 991 1580 1032 per-

162 1052 420 1093 turbaretur.
485 1050 692 1092 Defensor
725 1065 823 1093 vero
863 1065 923 1102 ea,
972 1064 1080 1105 quae
1129 1056 1351 1092 accusator
1396 1051 1581 1101 induxit,

162 1129 210 1165 ut
240 1125 421 1166 facultas
453 1124 570 1174 feret,
611 1124 849 1165 infirmabit
881 1126 1059 1178 eiusque
1099 1124 1268 1171 tactum,
1308 1124 1418 1177 quod
1453 1137 1581 1163 causa

164 1198 357 1238 criminis
389 1197 521 1238 tuisse
555 1197 723 1249 dicitur,
762 1210 938 1252 semper,
987 1198 1125 1251 quoad
1175 1198 1310 1238 facere
1342 1197 1506 1250 poterit,
1536 1197 1580 1236 in

162 1271 348 1323 peiorem
381 1274 542 1323 partem
577 1271 732 1323 rapiet3
781 1270 990 1310 iudicium
1026 1277 1167 1311 autem
1203 1270 1253 1311 de
1287 1283 1334 1310 eo
1367 1269 1459 1310 fieri
1494 1282 1578 1309 non

164 1355 269 1396 opus
301 1341 435 1383 fuisse
483 1342 725 1396 explicabit,
775 1343 872 1396 quia
920 1355 987 1383 res
1021 1345 1103 1383 iam
1153 1356 1227 1397 per
1276 1355 1319 1383 se
1358 1342 1580 1382 manifesta

163 1420 205 1454 et
235 1415 359 1468 plane
392 1418 533 1468 aperta
564 1413 735 1456 fuisset.
800 1414 965 1463 Quibus
997 1417 1232 1470 praeceptis
1252 1415 1394 1456 Cicero
1428 1415 1478 1454 de
1493 1416 1580 1455 inx'.

163 1485 219 1538 Π,
251 1487 494 1539 28,85-—86
529 1488 642 1528 locos
675 1500 923 1529 communes
956 1488 1143 1529 adnexit.

308 1559 359 1599 In
391 1561 627 1601 remotione
661 1561 852 1601 criminis
885 1566 957 1601 aut
989 1574 1117 1602 causa
1151 1566 1223 1602 aut
1265 1574 1332 1602 res
1379 1562 1469 1614 ipsa
1518 1572 1580 1600 re-

166 1635 371 1672 movetur.
436 1630 611 1685 Causa‘2)
645 1645 741 1673 cum
763 1635 807 1673 in
830 1646 1067 1687 personam,
1088 1638 1181 1675 tum
1203 1635 1247 1674 in
1280 1646 1367 1674 rem
1395 1633 1580 1685 aliquam

165 1704 329 1745 revolvi
361 1709 500 1758 potest
530 1706 573 1745 in
608 1718 742 1759 eaque
776 1710 816 1746 et
848 1711 1066 1747 accusator
1099 1710 1138 1746 et
1178 1706 1371 1746 defensor
1420 1718 1473 1745 ex
1519 1705 1583 1756 iis,

166 1789 274 1830 quae
307 1778 444 1818 adhuc
476 1779 744 1831 protulimus,
790 1782 959 1818 sumant
997 1782 1169 1832 oportet,
1209 1790 1319 1831 quae
1357 1778 1580 1818 utilitatem

165 1849 394 1902 praebent3
427 1850 497 1890 ille
529 1862 755 1903 personam
779 1850 975 1891 defendet
1007 1852 1186 1903 eiusque
1212 1853 1444 1903 peccatum,
1469 1851 1581 1903 quod

167 1934 289 1962 reum
323 1926 374 1961 ab
408 1921 544 1962 officio
578 1922 780 1962 decedere
812 1935 897 1962 non
935 1923 1151 1975 coegisset,
1184 1923 1408 1975 separatim
1456 1935 1583 1976 quae-

165 1994 350 2034 rendum
384 2006 478 2035 esse
511 1994 755 2048 contendet,
790 1996 891 2035 huic
924 2008 1023 2036 vero
1048 1996 1186 2035 omnis
1219 1995 1342 2047 culpa
1374 1996 1418 2034 in
1451 1994 1583 2034 alium

168 2066 420 2106 conicienda
453 2071 527 2118 est,
560 2080 657 2107 cum
692 2081 715 2107 a
740 2081 811 2108 reo
845 2068 985 2108 omnia
1018 2068 1125 2108 facta
1159 2073 1311 2119 essent,
1351 2080 1459 2120 quae
1489 2067 1582 2108 fieri

167 2139 392 2192 potuerint.
454 2138 549 2189 Sed,
581 2141 616 2180 si
649 2153 781 2182 causa
812 2141 857 2180 in
889 2153 982 2181 rem
1014 2141 1200 2193 reicitur,
1247 2140 1416 2180 illorum
1463 2153 1583 2194 prae-

167 2214 384 2265 ceptorum
436 2213 591 2263 omnia,
642 2226 752 2266 quae
797 2215 849 2254 ad
904 2226 1128 2267 personam
1176 2214 1401 2266 pertinent,
1458 2215 1584 2255 relin-

169 2284 349 2337 quenda,
394 2291 534 2326 cetera
581 2286 726 2326 eadem
775 2286 941 2327 ratione
987 2286 1227 2326 adhibenda
1276 2290 1387 2326 sunt.
1450 2286 1584 2328 Locos

169 2368 432 2410 communes,
464 2359 537 2411 qui
570 2359 613 2398 in
657 2360 797 2399 causis
838 2359 1047 2400 eiusmodi
1097 2358 1382 2412 proferuntur,
1431 2372 1584 2414 cogno-

168 2430 328 2470 scimus
360 2429 411 2470 de
441 2430 530 2471 inv.
565 2430 619 2484 H,
654 2432 793 2485 30,91.
860 2433 1001 2486 Atque
1034 2432 1156 2472 etiam
1190 2432 1280 2484 ipsa
1312 2430 1418 2484 res3)
1447 2446 1584 2474 remo-

168 2501 258 2542 veri
288 2506 439 2555 potest,
469 2503 507 2544 si
538 2515 636 2544 reus
668 2504 724 2549 id.
759 2505 870 2557 quod
905 2504 1056 2545 fecisse
1088 2504 1374 2555 insimulatur,
1418 2519 1583 2560 „neque

169 2573 222 2613 ad
255 2586 300 2615 se
332 2587 475 2628 neque
508 2576 561 2616 ad
593 2576 779 2617 officium
829 2590 954 2618 suum
1002 2578 1238 2631 pertinere“
1287 2578 1398 2619 dicit.
1461 2577 1582 2627 Quod

313 2670 344 2714 ι)
373 2670 415 2703 de
439 2670 510 2704 inv.
536 2669 584 2711 11,
610 2671 882 2714 mas-asse.
1018 2672 1053 2716 2)
1079 2673 1121 2706 de
1145 2673 1218 2709 inv.
1242 2672 1286 2714 Π,
1314 2675 1587 2716 29‚87-⁷-30,91.

311 2729 346 2772 3)
371 2730 413 2763 de
439 2730 514 2765 inv.
539 2731 584 2771 Π,
613 2734 880 2777 30,87—30‚91.
