1863 3146
690 214 925 253 ,-”9-.

104 330 340 384 partitione,
387 330 448 372 sic
497 331 644 372 ordine
683 332 941 384 transigatur
978 333 1018 369 et
1056 328 1256 369 omnibus
1295 326 1514 379 explicatis

103 406 347 457 peroratum
381 405 435 444 sit
477 402 577 458 [hoc
609 401 765 459 modo}
813 406 861 443 ut
892 415 944 442 ne
979 401 1079 455 quid
1114 401 1322 455 posterius
1354 402 1517 452 praeter

103 477 418 517 conclusionem
452 476 697 517 inferatur.“

247 547 310 589 De
348 549 511 602 origine
544 548 727 601 denique
774 549 902 588 huius
946 546 1074 600 partis
1115 545 1165 584 de
1211 545 1391 597 eiusque
1433 556 1516 583 usu

105 621 220 675 apud
253 624 438 662 oratores
469 622 624 661 latinos
655 633 739 660 non
773 620 999 661 mediocria
1032 629 1122 658 esse
1154 620 1366 675 putamus,
1409 627 1518 668 quae

107 693 253 734 Cicero
285 693 406 734 Brut.
440 692 507 745 87,
541 694 623 734 302
659 692 847 732 tradidit:
896 690 1174 732 Hortensium
1209 691 1393 742 primum
1426 701 1519 741 par—

105 767 289 808 titiones.
321 766 477 819 quibus
511 767 561 807 de
592 765 720 806 rebus
753 765 945 805 dicturus
977 766 1100 812 esset,
1133 761 1338 802 attulisse.

494 859 532 900 4.
578 860 650 899 De
683 858 1138 911 argumentatione.

249 931 308 972 Ut
338 931 478 983 graeci
511 932 712 980 rhetores,
743 932 801 971 ita
835 930 980 970 Cicero
1014 941 1184 982 quoque
1216 929 1259 967 in
1293 939 1521 980 argumen-

107 1005 308 1044 tationem
343 1005 434 1043 sive
461 1002 512 1042 ad
536 1002 805 1055 probandum
837 1002 1128 1041 taciendamve
1154 1000 1279 1041 fidem
1304 997 1521 1040 summum

107 1077 295 1117 laborem
326 1075 546 1129 impendit,
590 1088 713 1128 quem
754 1075 983 1128 praecipue
1021 1074 1065 1112 in
1103 1072 1222 1112 libris
1263 1073 1340 1122 „de
1372 1073 1522 1112 inven-

108 1151 246 1190 tione“
278 1148 668 1197 animadvertimus,
701 1161 795 1187 cum
830 1148 872 1186 in
906 1147 959 1185 iis
993 1145 1249 1185 Graecorum
1287 1157 1412 1198 opera
1444 1143 1523 1184 sibi

109 1222 303 1275 exempla
334 1221 634 1274 proposuisset,
662 1233 683 1260 e
717 1219 877 1273 quibus
910 1217 1281 1270 „commodissime
1304 1219 1523 1270 praecepta

110 1293 579 1346 excellentissimaquess
633 1290 893 1345 excerpsit.1)
978 1289 1119 1337 Quare
1178 1291 1220 1329 in
1274 1290 1326 1329 iis
1379 1301 1524 1329 omnes

109 1370 250 1421 partes
286 1365 601 1419 particulasque
643 1366 845 1413 locorum,
894 1376 1078 1416 quorum
1132 1366 1271 1402 orator
1315 1363 1359 1401 in
1403 1375 1526 1415 argu-

112 1439 342 1480 mentando
389 1437 565 1490 indiget,
614 1436 929 1476 accuratissime
982 1436 1257 1488 maximaque
1305 1435 1523 1487 diligentia

113 1512 323 1566 exposuit,
371 1523 467 1550 cum
508 1522 578 1550 eas
617 1510 659 1549 in
706 1510 798 1549 aliis
844 1509 1011 1560 scriptis
1044 1508 1263 1547 rhetoricis
1295 1519 1522 1559 nusquam,

113 1585 149 1624 si
205 1583 389 1637 „topica“
445 1583 732 1636 excipiuntur,
794 1581 936 1629 simili,
999 1580 1158 1619 nedum
1220 1579 1309 1632 pari
1363 1579 1524 1618 ratione

113 1656 356 1709 explicaret.

254 1728 581 1781 Argumentatio
614 1725 804 1767 Ciceroni
840 1726 1010 1766 videtur
1042 1736 1133 1764 esse
1166 1724 1412 1773 „inventum
1449 1722 1526 1761 ali-

113 1814 198 1856 quo
246 1814 300 1842 ex
345 1813 500 1855 genere
537 1812 627 1840 rem
659 1800 846 1852 aliquam
882 1801 953 1838 aut
985 1796 1259 1851 probabiliter
1292 1794 1524 1835 ostendens

116 1880 189 1915 aut
232 1874 470 1915 necessarie
502 1868 881 1924 demonstransfffl)
959 1869 1133 1910 Constat
1167 1870 1309 1907 autem
1342 1880 1396 1907 ex
1429 1879 1528 1906 con-

114 1947 349 1990 firmatione
381 1949 421 1987 et
452 1945 790 1999 reprehensione,
834 1955 942 1995 quas
969 1943 1012 1981 in
1045 1942 1180 1995 primo
1213 1939 1419 1979 librorum
1455 1938 1529 1990 „de

113 2020 386 2060 inventione“
440 2018 666 2072 separatim
715 2030 739 2056 a
772 2015 972 2056 Cicerone
1012 2015 1286 2067 pertractatas
1318 2011 1530 2061 videmus,

119 2105 379 2146 quamquam
411 2091 503 2144 ipse
537 2090 588 2130 de
620 2091 706 2130 inv,
740 2089 772 2140 I,
805 2089 873 2137 42,
909 2088 961 2127 78
997 2087 1105 2126 dixit
1138 2085 1322 2137 aliquam
1356 2096 1444 2123 rem
1477 2095 1531 2123 ex

117 2165 269 2205 iisdem
317 2164 421 2205 locis
466 2167 507 2203 et
555 2161 797 2203 confirmari
845 2164 884 2200 et
929 2158 1134 2199 infirmari
1166 2169 1288 2210 posse
1321 2162 1448 2208 atque
1481 2154 1531 2194 de

117 2221 447 2292 reprehensione
493 2236 662 2289 propria
709 2236 932 2287 praecepta
982 2232 1080 2271 dare
1127 2242 1212 2269 non
1274 2228 1397 2268 modo
1446 2239 1531 2266 non

119 2310 426 2361 necessarium,
474 2308 548 2348 sed
597 2317 961 2360 supervacaneum
1010 2315 1101 2344 esse
1145 2298 1328 2354 sensit.3)
1392 2298 1533 2347 Quare

119 2385 264 2436 postea
297 2394 367 2422 eas
398 2381 511 2421 inter
544 2392 588 2420 se
623 2379 850 2419 coniunxit
890 2380 931 2417 et
961 2377 1044 2416 iam
1077 2376 1120 2414 in
1155 2375 1284 2414 altero
1316 2371 1425 2412 libro
1459 2371 1533 2423 „de

262 2502 298 2537 1)
322 2498 366 2531 de
390 2497 462 2531 inv.
487 2496 536 2539 ΙΙ,
565 2500 595 2538 2,
621 2500 655 2531 4.

262 2558 298 2601 2)
324 2558 366 2591 de
391 2557 466 2593 inv.
491 2557 521 2601 I,
546 2560 600 2595 29.
628 2560 691 2600 445
734 2554 912 2589 simillime
939 2554 981 2586 de
1006 2552 1078 2585 inV.
1105 2550 1133 2592 I,
1160 2550 1216 2592 40,
1242 2553 1296 2585 74.

261 2617 296 2663 3)
323 2618 366 2651 de
390 2617 463 2655 inv,
490 2621 515 2661 1,
541 2622 598 2662 42,
626 2620 692 2653 78:
733 2614 1023 2657 ,‚Verumtamen,
1065 2614 1105 2645 ut
1131 2610 1305 2655 quaedam
1332 2608 1535 2654 praeceptio

121 2679 223 2712 detur
245 2679 349 2713 huius
377 2689 516 2723 quoque
541 2678 654 2723 partis
682 2672 1072 2721 [sc.repreliensionis]‚
1099 2681 1312 2716 exponemus
1341 2670 1462 2704 modos
1479 2680 1535 2703 re-

122 2739 399 2783 prehensionis.“
