1863 3146
694 222 923 261 ...91—

111 336 228 377 lavit.
292 335 406 385 Quae
452 344 669 381 accusator
715 339 764 378 de
797 350 936 389 causa,
981 349 1109 389 quam
1153 347 1318 388 semper
1365 333 1513 386 ampli·

112 408 240 449 ficare
273 414 312 449 et
344 423 496 463 augere
531 411 728 463 studebit,
760 411 803 450 in
837 422 957 450 reum
979 407 1163 462 proferre
1187 407 1311 448 debet
1343 417 1515 460 quaque

112 482 276 522 ratione
326 482 518 524 defensor
565 484 877 524 accusationem
926 479 1184 532 infirmabit,
1230 492 1277 520 ea
1325 477 1515 530 exposita

112 555 346 608 reperimus
395 555 444 595 de
491 556 576 595 inv.
608 555 661 607 II,
712 553 978 605 ale—8528.
1047 551 1147 592 Loci
1196 564 1307 603 vero,
1357 550 1514 602 quiex

117 639 295 680 persona
327 628 565 681 capiuntur⁷
614 628 665 667 ad
709 639 779 668 eas
811 638 878 666 res
912 625 1134 679 pertinent,
1183 636 1290 677 quae
1324 622 1518 676 personis

113 700 335 741 attributae
368 698 519 751 sunt.¹)
583 699 696 748 Quas
729 700 807 758 hoc
838 698 930 738 1000
959 702 1178 750 propterea
1212 695 1377 736 silentio
1400 705 1517 746 prae-

114 773 237 812 terire
270 785 511 825 possumus,
551 773 649 825 quia
688 784 816 824 supra
855 771 936 826 iam
972 769 1022 810 de
1054 770 1118 821 iis,
1160 771 1366 822 quantum
1401 778 1519 818 opor-

114 845 203 896 tuit,
238 844 397 884 dictum
429 847 504 886 est.
553 843 920 892 Quemadmodum
953 846 1093 882 autem
1126 844 1345 882 accusator
1378 842 1417 878 et
1451 838 1520 877 de-

112 916 256 958 fensor
289 917 339 957 iis
372 919 606 967 uterentur,
641 915 784 956 Cicero
820 915 870 955 de
902 916 989 956 inv,
1022 914 1080 964 H,
1119 914 1240 966 10,32
1276 924 1392 964 sequ.
1426 922 1522 963 ape·

114 990 224 1040 ruit3
262 988 337 1030 ubi
367 988 433 1028 illi
464 988 815 1042 improbationem
850 987 1036 1026 accusati
1069 984 1391 1030 commendavit,
1421 983 1522 1023 huic

116 1065 257 1102 autem
290 1061 332 1101 id
364 1062 550 1101 maxime
591 1061 805 1112 agendum
851 1070 942 1099 esse
977 1058 1098 1106 dixit,
1142 1060 1190 1096 ut
1225 1057 1395 1109 „aliqua
1427 1057 1524 1094 nota

116 1138 156 1173 et
218 1134 459 1174 communia
521 1132 684 1173 officia“
747 1133 808 1172 rei
865 1131 1104 1172 ostenderet
1167 1141 1301 1181 eaque
1365 1129 1526 1168 ratione

118 1207 381 1247 honestatem
430 1209 470 1246 et
519 1206 811 1246 auctoritatem
861 1205 954 1244 eius
1004 1199 1242 1253 servaretfl)
1319 1198 1400 1247 Qui
1446 1197 1527 1237 loci

119 1279 303 1331 denique
336 1290 391 1317 ex
422 1278 530 1318 facto
564 1274 837 1327 educuntur&
871 1277 994 1330 plane
1027 1275 1301 1315 consentiunt
1333 1284 1428 1312 cum
1462 1271 1527 1318 iis,

120 1363 229 1404 quos
263 1349 406 1390 Cicero
455 1350 505 1391 de
537 1351 623 1390 inv.
658 1349 691 1401 I,
736 1349 875 1401 26,37,
909 1361 1014 1400 „res,
1059 1359 1170 1400 quae
1202 1343 1381 1396 negotiis
1415 1341 1527 1380 attri-

119 1423 244 1463 butae
291 1423 416 1463 sunt“
465 1423 693 1476 appellavit
740 1433 932 1474 quosque
979 1421 1062 1459 iam
1104 1432 1142 1472 p.
1184 1419 1237 1458 82
1288 1414 1527 1465 attulimus;

121 1498 343 1549 propterea
377 1506 447 1534 eos
481 1494 671 1534 hocloco
705 1507 791 1533 non
817 1498 1072 1546 repetamus.
1135 1490 1216 1531 Sed
1250 1500 1373 1541 saepe
1406 1486 1528 1526 etiam

120 1568 380 1621 suspitiones
428 1568 714 1608 communiter
761 1570 801 1606 et
832 1578 886 1606 ex
918 1565 1185 1618 negotiorum
1234 1566 1273 1601 et
1306 1573 1359 1600 ex
1391 1570 1531 1612 perso-

121 1653 274 1681 narum
309 1638 660 1680 attributionibus
708 1637 942 1679 sumendae
991 1638 1102 1684 sunt,
1147 1637 1196 1672 ut
1240 1633 1443 1673 discimus
1482 1630 1533 1670 de

120 1714 208 1755 inv.
242 1712 300 1764 ΙΙ,
334 1712 478 1765 13,4·2;
520 1724 701 1765 quarum
739 1713 783 1751 in
817 1705 1138 1761 descriptione-³)
1174 1705 1320 1745 Cicero
1353 1717 1450 1752 non,
1488 1706 1533 1742 ut

124 1788 171 1827 in
202 1786 308 1826 locis
339 1797 394 1825 ex
426 1797 555 1825 causa
587 1788 628 1825 et
660 1796 714 1824 ex
746 1795 925 1837 persona
959 1779 1178 1821 sumendis
1209 1779 1318 1829 fecit,
1350 1777 1534 1830 primum

125 1858 451 1909 accusationem,
487 1857 639 1898 deinde
663 1856 953 1897 defensionem
976 1853 1182 1903 tractavit,
1211 1851 1284 1892 sed
1309 1850 1535 1891 coniuncte

126 1931 177 1972 de
208 1931 262 1972 iis
295 1931 392 1984 egit,
424 1930 524 1983 quia
563 1928 804 1982 „infinitum
836 1930 945 1968 esset
977 1930 1038 1967 tot
1071 1926 1121 1966 de
1152 1924 1279 1965 rebus
1312 1925 1538 1973 utramque

127 2005 170 2044 in
203 2006 365 2057 partem
398 2003 646 2057 singillatim
679 2002 730 2042 de
763 2014 848 2041 una
883 2012 1055 2053 quaque
1089 1996 1336 2052 explicare.“

269 2063 378 2117 Sunt
410 2079 553 2116 autem
584 2078 750 2129 praeter
781 2073 877 2114 illos
910 2074 1260 2125 argumentorum
1293 2069 1418 2119 locos,
1465 2065 1539 2119 qui

128 2151 167 2191 ei
199 2161 352 2190 causae
384 2149 521 2189 solum
566 2149 875 2202 adiunguntur,
909 2157 1018 2198 quae
1055 2144 1221 2195 dic-itur,
1253 2141 1324 2182 alii
1357 2150 1541 2193 quoque,

130 2226 180 2263 ut
211 2221 357 2263 Cicero
389 2220 592 2274 praecipit
634 2219 684 2259 de
722 2221 808 2259 inv.
839 2218 895 2271 ΙΙ,
943 2216 1079 2269 15,47,
1126 2215 1199 2268 qui
1242 2212 1463 2254 transferri
1495 2211 1540 2250 in

129 2295 286 2336 multas
329 2306 482 2335 causas
527 2303 704 2347 possunt
747 2290 907 2344 quique
943 2289 1045 2329 loci
1078 2298 1375 2328 communes
1408 2283 1542 2324 nomi·

133 2370 300 2409 uantur.
361 2366 399 2406 Ii
421 2369 496 2406 aut
518 2368 656 2406 certae
688 2364 747 2404 rei
781 2366 854 2402 aut
887 2361 1041 2402 dubiae
1075 2360 1291 2413 quandam
1324 2357 1544 2398 continent

276 2557 310 2600 1)
337 2554 398 2590 cfr.
424 2554 467 2588 de
491 2553 563 2587 inv.
593 2552 619 2595 Ι,
645 2554 914 2595 24,34-25,36.

276 2615 310 2661 2)
337 2616 378 2649 de
405 2615 478 2651 inv.
504 2614 553 2658 H,
577 2615 826 2656 9,·28—11‚37.

276 2677 312 2721 3)
339 2677 381 2711 de
406 2676 477 2711 inv.
503 2674 548 2715 ΙΙ,
577 2675 786 2716 12,38--42.

279 2737 315 2781 4)
342 2737 384 2771 de
408 2736 482 2770 inv.
508 2734 558 2780 ΙΙ,
586 2733 853 2777 13‚43—14‚46.
