1863 3146
911 211 1142 250 „18-

329 332 525 385 superius
551 329 653 369 illud
680 341 818 380 genus
851 340 1021 368 causam
1056 332 1127 368 aut
1159 327 1488 368 controversiam
1522 327 1736 381 appellant

332 415 511 455 eamque
543 401 691 451 tribus,
735 401 807 440 lite
840 403 914 440 aut
947 400 1249 440 deliberatione
1288 401 1364 439 aut
1394 399 1637 439 laudatione
1670 399 1734 440 de-

326 476 522 515 finiunt.“
584 473 720 513 Etiam
757 473 799 512 in
828 471 936 512 libro
970 472 1046 524 „de
1078 473 1303 525 partitione
1328 472 1534 512 oratoria“
1568 471 1735 512 duobus

325 549 430 588 locis
484 547 685 595 eandem
727 558 953 586 causarum
1012 544 1352 601 distributionem
1413 543 1558 585 Cicero
1618 549 1736 598 pater

324 621 461 661 filiuni
495 619 657 672 docuit3
701 631 883 672 quorum
923 618 1115 669 alterum,
1149 618 1199 658 de
1231 620 1335 671 part.
1373 629 1427 657 or.
1466 616 1736 669 3,10-4,11,

325 693 466 747 paullo
500 695 593 745 post
625 692 868 732 accuratius
900 694 1079 731 tractare
1113 689 1315 730 debemus
1349 701 1526 741 eamque
1560 688 1611 728 ob
1643 702 1732 729 rem

325 766 403 806 hoc
436 765 541 814 loco,
589 764 662 804 ubi
696 765 788 804 eius
822 764 978 804 mentio
1026 762 1218 802 facienda
1257 765 1356 812 erat,
1404 765 1736 814 praetereamus,

326 839 507 879 alterum
545 838 684 877 statim
724 837 765 875 in
800 836 989 876 medium
1029 835 1214 888 proferre
1250 834 1466 887 volumus3
1500 834 1734 887 reperimus

326 911 439 951 enini
489 910 539 949 de
572 913 680 962 part.
731 922 788 949 or.
823 908 1066 959 moe—70
1107 908 1217 947 hanc
1249 907 1591 960 explicationem:
1638 906 1731 956 ,.69.

328 983 382 1022 Et
429 995 574 1022 earum
622 979 697 1039 [sc.
747 978 992 1035 causarum]
1045 980 1216 1033 quidem
1262 979 1397 1018 forma
1445 978 1603 1032 duplex
1652 982 1733 1019 est:

326 1068 507 1108 quarum
551 1054 679 1093 altera
728 1053 1047 1093 delectationem
1088 1054 1272 1092 sectatur
1310 1051 1497 1103 aurium3
1545 1051 1735 1099 alterius,

324 1132 371 1168 ut
405 1127 604 1179 obtineat,
642 1125 792 1178 probet
830 1128 870 1165 et
902 1125 1053 1166 efficiat
1087 1124 1200 1178 quod
1233 1125 1331 1177 agit,
1376 1124 1513 1163 omnis
1545 1127 1609 1164 est
1640 1136 1734 1164 sus-

325 1204 445 1253 cepta
478 1199 707 1239 contentiO.
771 1197 922 1250 Itaque
971 1197 1077 1237 illud
1126 1196 1324 1249 superius
1362 1196 1583 1235 exornatio
1630 1195 1734 1235 dici-

325 1277 413 1324 tur·7
448 1304 456 1312 .
495 1309 498 1313 ,
538 1304 545 1311 .
578 1270 810 1323 Reliquum
845 1272 985 1310 auten]
1026 1282 1164 1322 genus
1197 1281 1420 1308 causarum
1461 1272 1534 1308 aut
1567 1268 1607 1307 in
1639 1281 1734 1321 pro-

325 1346 490 1386 visione
532 1344 687 1397 posteri
735 1343 938 1395 temporis
986 1345 1057 1382 aut
1099 1342 1142 1381 in
1182 1341 1398 1394 praeteriti
1431 1340 1734 1393 disceptatione

327 1421 541 1467 versatur,
578 1429 757 1469 quorum
792 1415 972 1456 alterum
1002 1414 1317 1455 deliberationis
1351 1416 1424 1463 est,
1458 1413 1637 1453 alterum
1669 1413 1732 1452 iu-

326 1491 436 1531 dicii.
473 1490 537 1529 70.
571 1488 639 1528 Ex
674 1502 757 1541 qua
789 1487 1015 1541 partitione
1047 1488 1126 1527 tria
1158 1500 1314 1539 genera
1347 1498 1572 1527 causarum
1607 1485 1735 1525 exsti-

325 1566 487 1604 terunt:
545 1575 704 1610 unum,
761 1560 873 1614 quod
917 1573 940 1598 a
987 1559 1158 1600 meliore
1205 1563 1323 1612 parte
1369 1558 1624 1599 laudationis
1672 1559 1735 1597 est

326 1635 594 1690 appellatum,
644 1632 958 1673 deliberationis
996 1632 1186 1683 alterum,
1232 1632 1402 1672 tertium
1438 1629 1733 1671 iudiciorumf‘

324 1708 632 1748 Brevissimam
680 1710 817 1745 autem
867 1705 994 1744 huius
1027 1705 1087 1744 rei
1136 1705 1443 1757 expositionem
1492 1703 1606 1744 dedit
1649 1706 1734 1756 top.

325 1781 449 1832 24‚91
488 1780 552 1820 his
592 1777 755 1818 verbis:
804 1777 920 1830 „Tria
968 1781 1070 1817 sunt
1118 1778 1247 1830 igitur
1288 1788 1444 1829 genera
1483 1788 1732 1815 causarum:

333 1853 494 1904 iudicii,
527 1850 853 1901 deliberationis,
887 1848 1181 1890 laudationis.“

468 1924 519 1964 In
552 1921 712 1978 libris1)
757 1925 911 1973 autem,
955 1923 1029 1974 qui
1061 1922 1098 1961 ei
1127 1934 1279 1974 ,puero
1312 1923 1385 1960 aut
1417 1920 1736 1961 adulescentulo

326 2010 381 2037 ex
421 1995 777 2036 commentariolis
817 1996 905 2035 suis
943 1994 1138 2035 inchoata
1176 1997 1217 2034 et
1265 1993 1391 2033 rudia
1428 1990 1738 2047 excideriint“²')

326 2070 469 2110 Cicero
514 2070 594 2109 tria
637 2069 711 2108 illa
756 2079 924 2121 genera,
970 2070 1017 2106 ut
1060 2068 1143 2106 iam
1188 2079 1315 2119 supra
1346 2079 1370 2106 a
1404 2065 1524 2106 nobis
1563 2065 1735 2106 demon-

326 2146 503 2182 stratum
539 2145 614 2190 est,
659 2141 764 2181 falso
807 2140 1025 2180 materiam
1073 2140 1173 2178 artis
1218 2138 1449 2178 rhetoricae
1492 2151 1583 2179 esse
1615 2140 1738 2191 puta-

326 2218 457 2265 verat,
479 2228 561 2267 qua
593 2215 634 2254 in
670 2227 715 2255 re
733 2212 1006 2254 Aristotelem
1039 2212 1161 2264 sequi
1194 2210 1273 2251 sibi
1298 2211 1415 2251 visus
1448 2214 1546 2250 erat.
1585 2210 1738 2262 Atque,

326 2291 373 2327 ut
405 2287 657 2328 adulescens
691 2287 742 2327 de
774 2288 859 2326 inV.
892 2285 924 2337 I,
958 2286 995 2335 5,
1031 2285 1051 2323 T
1087 2288 1126 2324 et
1158 2283 1190 2332 I,
1225 2284 1260 2336 7,
1295 2284 1318 2322 9
1351 2271 1734 2336 praeclarissimum

324 2360 444 2399 illum
480 2359 777 2413 philosophum
811 2362 984 2400 secutus
1018 2360 1091 2408 est,
1136 2357 1194 2417 ita
1234 2368 1287 2396 ne
1320 2368 1451 2396 senex
1485 2354 1656 2408 quidem
1690 2355 1735 2394 in

323 2432 571 2485 „partitione
604 2431 822 2484 oratoria‘2,
871 2443 997 2484 quam
1043 2429 1210 2482 scripsit
1242 2441 1352 2468 anno
1396 2441 1432 2468 a.
1466 2426 1560 2470 Chr.
1594 2439 1632 2467 n.
1666 2427 1735 2467 46.

325 2504 391 2544 vel
423 2503 478 2543 45
512 2504 651 2557 paullo
685 2508 781 2562 ante
805 2506 981 2544 mortem
1002 2515 1136 2554 suam,
1163 2500 1213 2541 ab
1236 2513 1283 2541 eo
1306 2501 1517 2552 dissensit,
1546 2500 1618 2540 sed
1638 2512 1737 2540 ean-

324 2577 419 2616 dem
433 2577 716 2629 partitionem,
730 2576 893 2629 quaille
901 2588 1008 2616 usus
1020 2579 1094 2628 est,
1107 2586 1240 2628 paene
1256 2573 1307 2613 ad
1320 2572 1419 2614 verb
1427 2586 1495 2612 nni
1505 2572 1734 2614 transtulit.

467 2648 662 2712 ηἶῑὲῖῃν.
689 2668 717 2711 1,
745 2672 777 2711 5,
805 2672 835 2704 7.
886 2668 931 2708 Π,
959 2671 992 2712 4,
1019 2670 1072 2704 12.

462 2728 496 2773 2)
524 2729 566 2763 de
592 2739 640 2763 or.
667 2728 694 2769 L
722 2732 753 2771 2,
781 2732 813 2764 5.
