1863 3146
748 176 1013 216 —103—

174 293 284 348 „Nec
316 302 414 335 vero
448 293 722 334 miseratione
755 293 894 334 solum
926 306 1047 335 mens
1078 293 1271 335 iudicum
1299 295 1585 348 permovenda

170 365 419 408 est...sed
472 366 594 406 etiam
650 368 714 406 est
763 365 1026 420 faciendum,
1078 369 1126 406 ut
1176 368 1389 408 irascatur
1438 367 1585 421 iudex,

170 439 398 491 mitigetur,
443 438 634 479 invideat
680 437 829 490 faveat,
878 441 1124 480 contemnat
1156 439 1403 490 admiretur,
1449 440 1585 481 oderit

168 510 326 562 diligat,
358 511 500 564 cupiat
531 511 721 551 satietate
753 510 974 564 afficiatur,
1019 515 1158 564 speret
1190 515 1364 565 metuat,
1401 512 1585 553 laetetur

169 582 381 637 doleat.“¹)
427 572 559 631 'Quas
605 595 673 624 res
721 586 858 623 autem
913 586 1052 624 orator
1099 583 1265 625 efficere
1312 598 1399 625 non
1438 588 1584 639 potest,

166 655 263 706 nisi,
298 658 344 696 ut
360 656 574 696 Antonius
608 655 658 696 de
682 669 738 696 or.
762 654 815 707 H,
838 657 905 707 45,
938 656 1021 695 189
1055 656 1186 708 docet,
1209 657 1278 709 „in
1310 657 1401 710 ipso
1436 670 1584 698 omnes

166 727 230 767 illi
261 730 414 780 motus,
438 741 545 781 quos
578 728 779 768 adhibere
813 728 926 768 volet
947 728 1093 781 iudici,
1122 729 1319 782 impressi
1343 741 1432 769 esse
1456 733 1584 783 atque

166 801 300 841 inusti
346 798 697 855 videbuntu1·;“²)
743 802 976 841 orationem
1024 813 1137 853 vero,
1186 814 1270 854 qua
1318 802 1481 841 animos
1519 802 1583 841 in-

167 872 347 914 cendere
379 873 458 914 sibi
491 874 726 927 proposuit,
767 876 855 913 vim
893 873 1048 914 habere
1088 878 1215 927 atque
1255 873 1498 926 „ardentem
1531 874 1582 913 ad

167 957 237 986 eos
268 947 491 1000 pervenire
524 947 723 1001 oportet‘ss
767 958 873 998 quos
905 945 1171 986 inflammare
1203 943 1346 999 vult.3)

305 1018 370 1060 De
401 1022 506 1073 part.
541 1031 600 1059 or.
636 1019 700 1071 15,
735 1019 788 1057 52
822 1021 963 1058 autem
996 1019 1126 1059 altera
1158 1031 1254 1071 pars
1296 1019 1582 1059 conclusionis

165 1103 241 1131 seu
271 1092 554 1145 perorationis
592 1104 672 1132 nec
716 1091 956 1144 indignatio
999 1103 1077 1131 nec
1110 1092 1358 1144 conquestio
1391 1104 1470 1131 nec
1503 1092 1583 1131 alia

167 1164 375 1217 quaedam
416 1165 547 1205 animi
584 1164 790 1218 permotio
822 1167 972 1204 vocata
1019 1167 1093 1215 est,
1138 1164 1211 1204 sed
1260 1162 1582 1218 amplificati0‚4)

168 1249 278 1288 quae
317 1236 410 1277 aliis
442 1250 616 1292 quoque
662 1237 767 1278 locis
809 1238 853 1276 in
892 1237 1167 1277 conclusione
1212 1237 1424 1290 postulata
1468 1234 1582 1289 est.⁵)

161 1307 250 1349 Sed
299 1309 350 1351 de
387 1322 435 1350 ea
476 1322 704 1363 nusquam,
751 1310 835 1350 nisi
883 1309 933 1350 de
980 1314 1083 1363 part.
1117 1323 1174 1350 or.
1210 1310 1275 1362 15,
1310 1308 1494 1361 52—17,
1528 1309 1581 1348 58

168 1382 328 1435 aliquid
361 1383 602 1423 accuratius
634 1383 948 1436 praescribitur.
1010 1383 1104 1423 Illic
1137 1383 1250 1423 enim
1271 1381 1416 1422 Cicero
1445 1381 1583 1433 „affir-

166 1455 407 1508 mationem,
457 1468 566 1509 quae
607 1459 726 1496 motu
765 1457 1004 1496 animorum
1047 1455 1294 1496 conciliaret
1325 1456 1370 1494 in
1404 1455 1581 1495 dicendo

165 1525 319 1567 fidem“
351 1551 409 1556 —
441 1529 502 1568 sic
534 1529 647 1568 enim
681 1528 873 1568 definivit
905 1526 1311 1583 amplificationemss)
1334 1552 1387 1556 ——
1413 1527 1582 1568 duobus

170 1599 321 1640 confici
347 1600 473 1641 dixit:
509 1604 549 1641 et
571 1600 799 1641 verborum
831 1614 985 1655 genere
1019 1606 1059 1642 et
1090 1614 1249 1641 rerum.
1313 1599 1507 1648 Quorum
1539 1602 1583 1640 in

164 1672 269 1714 locis
312 1673 563 1715 adhibendis
614 1675 767 1714 oratori
812 1687 978 1728 semper
1010 1672 1288 1714 iudicandum
1327 1676 1366 1712 et
1396 1673 1584 1726 penden-

170 1745 270 1786 dum
297 1758 390 1787 esse
413 1747 558 1799 sensit,
587 1748 661 1800 qui
688 1747 739 1787 ad
762 1746 1132 1800 amplificationem
1157 1745 1421 1786 efficiendam
1445 1749 1586 1786 essent

168 1819 356 1859 maxime
378 1818 537 1871 idonei,
567 1832 666 1859 nam
684 1833 708 1859 a
726 1820 946 1860 defensore
963 1820 1216 1873 plerumque
1234 1818 1581 1870 misericordiam,

168 1891 220 1930 ab
263 1894 512 1933 accusatore
551 1893 818 1933 iracundiam
857 1893 1034 1933 excitari
1067 1891 1238 1944 debere;
1286 1903 1409 1944 saepe
1443 1893 1584 1931 autem

310 2032 344 2076 1)
369 2031 548 2066 simillime
574 2031 672 2068 Brut.
694 2033 749 2075 50,
783 2035 872 2073 1883
902 2032 961 2066 cfr.
990 2032 1032 2066 de
1059 2042 1106 2066 or.
1134 2031 1180 2073 ΙΙ,
1206 2034 1261 2073 51,
1288 2033 1357 2066 206
1383 2040 1492 2074 sequ,
1523 2030 1585 2065 ubi

170 2092 275 2127 etiam
313 2092 500 2127 nonnullos
538 2092 646 2134 locos,
682 2093 810 2136 quibus
836 2095 952 2128 motus
980 2092 1179 2127 animorum
1206 2092 1352 2126 excitari
1379 2092 1504 2135 solent,
1530 2103 1584 2126 ex-

167 2153 319 2197 plicatos
343 2153 559 2188 invenimus.

308 2214 344 2259 2)
370 2214 431 2249 cfr.
458 2215 500 2248 de
527 2225 574 2249 or.
601 2214 647 2257 ΙΙ,
685 2218 741 2255 47,
786 2217 863 2257 195,
902 2224 1052 2260 quocum
1084 2213 1160 2248 loco
1193 2214 1386 2258 comparari
1411 2213 1518 2249 debet
1541 2214 1585 2248 de

171 2283 220 2308 or.
247 2273 294 2317 II,
321 2276 377 2316 28,
405 2277 485 2311 124.

311 2335 347 2379 3)
375 2335 416 2370 de
435 2346 483 2372 or.
509 2335 556 2379 II,
582 2338 638 2379 29,
665 2338 749 2380 1293
778 2346 827 2372 or.
856 2338 912 2378 38,
941 2336 1019 2372 132.

312 2395 348 2440 4)
374 2396 697 2440 Amplificationem
732 2397 837 2432 etiam
871 2398 907 2430 in
938 2396 1076 2440 reliqua
1101 2396 1257 2431 oratione
1283 2395 1443 2430 adhiberi
1469 2405 1584 2438 posse,

172 2455 208 2489 id
236 2457 329 2500 quod
355 2455 475 2491 Cicero
503 2458 545 2491 de
571 2459 659 2501 part.
687 2468 734 2494 or.
760 2461 793 2500 8,
820 2461 864 2494 27
900 2457 1028 2501 docuit,
1055 2457 1122 2492 hac
1147 2468 1185 2492 re
1210 2468 1280 2491 non
1307 2461 1466 2500 negatur.

315 2519 351 2561 5)
379 2519 421 2553 de
447 2529 496 2556 or.
522 2518 567 2560 ΙΙ,
594 2521 652 2562 81,
679 2520 764 2561 3323
792 2529 840 2553 or.
867 2521 924 2563 36,
952 2521 1035 2559 1273
1062 2520 1136 2562 top.
1165 2522 1219 2560 26,
1245 2518 1396 2553 98-99.

314 2578 349 2624 6)
376 2578 438 2614 cfr.
465 2579 651 2621 rat-ionem,
679 2589 747 2622 qua
773 2580 815 2614 de
841 2582 928 2623 part,
955 2590 1002 2614 or.
1029 2580 1062 2625 8,
1089 2582 1132 2615 27
1173 2577 1486 2622 amplificationem
1523 2576 1583 2611 de-

172 2639 306 2674 finivit:
345 2641 422 2683 „est
447 2639 541 2674 enim
567 2639 792 2684 amplificatio
819 2640 1008 2675 vehemens
1035 2639 1209 2683 quaedam
1235 2638 1511 2684 argumentatio,
1545 2638 1588 2672 ut

170 2700 235 2735 illa
260 2702 326 2746 [sc.
350 2701 453 2746 fides]
481 2700 631 2735 docendi
657 2711 765 2735 causa
790 2701 846 2746 sit,
873 2702 960 2736 haec
986 2700 1267 2737 commovendi.“
