1863 3146
707 185 941 223 —55-

257 301 349 351 Quo
398 301 521 341 modo
571 300 664 341 fieri
711 302 907 355 potuerit,
953 304 1001 342 ut
1033 299 1190 353 Cicero,
1238 302 1311 355 qui
1357 302 1531 342 nomine

114 375 262 428 optimi
285 374 462 414 oratoris
485 378 525 414 et
548 373 727 414 rhetoris
752 374 984 414 certissime
1007 373 1161 427 dignus
1184 377 1258 425 est,
1277 374 1533 415 sententiam

117 460 239 488 suam
274 459 372 487 cum
406 459 542 500 eaque
575 452 796 501 praecepta
827 447 1036 487 rhetorica
1067 449 1153 486 tam
1187 445 1305 487 brevi
1347 450 1533 500 tempore

115 544 169 549 —
203 520 315 559 intra
349 519 457 560 duos
491 532 626 560 annos
658 543 716 548 —
749 521 904 560 iterum
938 523 1065 572 atque
1097 519 1255 559 iterum
1293 520 1534 570 mutaverit,

114 593 192 632 etsi
212 604 265 632 ex
283 592 448 632 ratione
466 593 861 633 mathematicorum
879 592 1166 632 demonstrare
1184 603 1267 631 non
1291 604 1534 644 possumus,

115 668 298 705 attamen
348 665 449 705 satis
497 668 608 706 certo
659 666 864 719 suspicari
903 665 1013 705 licet.
1086 663 1134 703 In
1179 663 1377 704 omnibus
1419 665 1532 704 enim

115 736 233 777 libris
264 737 487 778 rhetoricis
533 742 698 791 praeter
734 737 970 789 „Bratum‘ss
1009 740 1050 777 et
1088 737 1349 789 „oratorem“
1390 740 1533 776 noster

114 809 158 849 id
191 809 287 862 egit,
321 813 369 849 ut
400 809 590 863 legentes
623 814 711 851 arte
743 810 953 850 rhetorica
986 810 1165 863 eiusque
1205 809 1432 862 partitione
1465 809 1533 849 vel

114 887 232 936 parte
277 881 422 935 aliqua
465 881 736 935 eloquentiae
780 884 1032 933 institueret,
1072 882 1113 921 id
1155 881 1268 935 quod
1307 882 1532 935 praecipue

116 955 389 1008 cognoscitur
420 955 462 993 in
506 954 639 1006 libris,
683 956 756 1008 qui
793 955 868 1007 „de
906 955 1188 1006 inventione“,
1227 954 1414 1007 „topica“
1456 954 1534 1004 „de

114 1028 342 1081 partitione
397 1027 601 1067 oratoria<
654 1028 961 1069 inscribuntur.
1047 1027 1197 1080 ltaque
1249 1027 1391 1066 mirari
1448 1039 1534 1066 non

119 1100 338 1150 debemus,
371 1099 486 1153 quod
517 1100 562 1139 in
595 1100 648 1140 iis
681 1111 828 1140 omnes
859 1103 998 1152 partes
1041 1098 1271 1152 omniaque
1310 1104 1533 1152 praecepta

119 1173 219 1213 artis
258 1185 312 1213 ex
355 1172 551 1213 sollemni
592 1185 674 1213 usu
722 1172 920 1214 attulerit.
994 1172 1135 1220 Quare
1175 1173 1300 1212 etiam
1340 1173 1384 1211 in
1424 1171 1533 1211 libro

121 1245 199 1297 „de
240 1246 398 1299 optimo
437 1257 593 1299 genere
632 1246 870 1285 oratorum“
910 1246 1158 1285 memoriam
1199 1244 1308 1285 bono
1348 1244 1442 1283 iure
1482 1243 1534 1283 ab

118 1331 166 1359 eo
199 1318 414 1359 laudatam
447 1331 539 1359 esse
574 1330 728 1372 negare
761 1330 845 1357 non
880 1330 1121 1370 possumus,
1162 1330 1260 1357 nam
1300 1316 1447 1363 voluit2
1488 1321 1536 1356 ut

119 1391 292 1443 scimus,
354 1395 567 1432 oratorum
631 1391 1078 1444 eloquentissimorum
1140 1389 1438 1430 Demosthenis
1494 1392 1534 1429 et

118 1464 344 1505 Aeschinis
392 1464 604 1504 orationes
651 1462 779 1518 ,περὶ
830 1460 1066 1519 στεφάνοῦι
1115 1466 1155 1503 et:
1194 1458 1329 1514 „merck
1369 1465 1535 1517 Κτησι·

119 1536 311 1593 φῶντος“
358 1536 585 1590 inscriptas
638 1540 897 1585 convertere,
944 1542 991 1576 ut
1037 1537 1080 1587 ii,
1137 1536 1209 1588 qui
1266 1535 1535 1587 eloquentiae

118 1609 297 1649 studiosi
335 1612 467 1659 erant,
514 1608 729 1662 praeclara
767 1609 962 1662 exempla
1006 1608 1224 1659 haberent,
1265 1608 1387 1660 eique
1435 1619 1533 1647 con-

118 1682 305 1722 versioni
336 1681 450 1722 hunc
484 1681 677 1721 libellum
710 1693 969 1735 praeponere
1000 1680 1321 1733 praefationem.
1384 1679 1535 1733 Itaque

119 1754 249 1794 totius
283 1754 419 1807 operis
451 1753 549 1794 finis
583 1758 670 1794 erat
701 1754 878 1805 utilitas,
911 1756 955 1793 ut
986 1754 1077 1806 ipse
1107 1753 1213 1792 dixit
1246 1753 1296 1793 de
1324 1757 1406 1806 opt.
1439 1765 1534 1806 gen.

120 1839 177 1867 or.
219 1827 257 1879 5,
298 1827 369 1867 13:
413 1859 435 1879 „
473 1857 485 1868 .
527 1859 533 1866 .
577 1860 584 1868 .
626 1828 773 1880 putavi
829 1826 932 1866 mihi
979 1824 1295 1878 suscipiendum
1348 1824 1534 1865 laborem

119 1899 266 1940 utilem
315 1899 529 1951 studiosis,
572 1899 675 1938 mihi
716 1899 885 1953 quidem
925 1899 1006 1953 ipsi
1044 1910 1129 1938 non
1169 1896 1534 1951 necessa1·ium‚²)“

120 1984 298 2025 eamque
329 1971 384 2012 ob
424 1985 514 2013 rem
555 1973 679 2013 etiam
720 1972 980 2023 memoriam,
1021 1984 1130 2025 quae
1175 1983 1341 2024 semper
1379 1971 1534 2010 oratori

120 2045 236 2085 haud
288 2058 461 2099 parvam
512 2045 741 2086 utilitatem
798 2044 1030 2098 praeberet,
1077 2044 1202 2085 affere
1250 2044 1398 2097 potuit.
1483 2043 1535 2083 In

126 2115 313 2168 .,Bruto“
356 2121 510 2170 autem⁷
562 2118 633 2158 ubi
686 2122 830 2158 noster
883 2118 1101 2158 historiam
1154 2117 1256 2157 artis
1304 2117 1536 2157 rhetoricae

118 2190 313 2230 tractavit
343 2191 388 2231 in
420 2191 602 2244 aliisque
636 2191 871 2231 oratoribus
904 2190 1006 2230 alias
1039 2190 1217 2229 virtutes
1250 2193 1290 2230 et
1312 2189 1538 2230 facultates

119 2262 320 2303 laudibus
382 2263 548 2316 extulit,
617 2264 878 2315 memoriani,
941 2275 1026 2316 qua
1089 2262 1286 2302 nonnulli
1348 2265 1536 2302 oratores

119 2339 285 2388 praeter
335 2339 495 2376 ceteros
550 2335 801 2387 floruerunt,
854 2335 1023 2376 silentio
1079 2335 1253 2375 omnino
1307 2335 1537 2388 praeterire

120 2407 240 2448 nullo
273 2408 397 2448 modo
429 2409 578 2461 potuit.
641 2407 819 2449 Restant
852 2407 950 2448 libri
984 2408 1058 2461 „de
1102 2407 1311 2458 oratore“;
1354 2420 1538 2460 quorum

121 2527 223 2560 tanta
252 2525 310 2569 [sc.
338 2525 376 2558 in
401 2524 616 2570 Hortensio]‚
656 2530 823 2570 quantam
862 2525 899 2559 in
938 2525 1035 2560 nullo
1064 2537 1118 2560 me
1144 2525 1354 2571 cognovisse
1380 2524 1538 2568 arbitror,

124 2587 176 2629 ut,
219 2596 308 2630 quae
347 2595 463 2621 secum
505 2588 764 2621 commentatus
789 2590 893 2628 esset,
932 2597 972 2621 ea
1010 2586 1084 2621 sine
1110 2585 1240 2630 scripto
1265 2585 1382 2620 verbis
1407 2585 1539 2620 eisdem

121 2646 297 2691 redderet,
323 2646 450 2691 quibus
476 2647 735 2691 cogitavisset.³‘

263 2707 296 2753 1)
323 2707 390 2742 cfr.
417 2707 460 2742 de
486 2709 558 2752 opt.
585 2718 663 2752 gen.
691 2718 739 2744 or.
766 2711 856 2753 ’7,23.
