1863 3146
674 190 907 229 *47—

79 308 468 359 interrogationem,
487 320 595 361 quae
618 320 670 348 ex
696 308 929 348 intentione
947 311 986 348 et
1013 306 1265 360 depulsione
1285 307 1495 360 gignitur,

84 380 425 433 „quaestionem“
481 380 728 434 appellavitg
774 393 873 420 nam
927 393 1061 420 unum
1115 380 1256 419 locum
1308 379 1358 420 de
1404 380 1490 421 inv.

80 450 138 504 Π,
178 453 216 504 4,
254 452 318 503 15,
367 455 441 506 qui
489 453 533 492 in
587 452 803 493 codicibus
855 452 976 493 valde
1030 456 1255 506 corruptus
1301 451 1495 503 traditur,

85 526 283 577 excipere
316 524 530 565 debemus.
595 525 706 577 Ergo
736 524 980 565 Ciceronem
1015 526 1056 564 in
1093 525 1168 564 hac
1201 525 1494 578 explicatione,

84 609 194 649 quae
226 597 275 636 ad
310 599 658 638 constitutionem
692 600 732 637 et
771 597 1060 650 quaestionem
1105 598 1299 650 pertinet,
1339 598 1493 638 erroris

83 668 150 708 vel
182 669 489 710 inconstantiae
522 682 751 723 coarguere
784 682 866 709 non
899 682 1141 722 possumus.

225 740 379 782 Contra
411 743 446 782 si
478 742 623 782 oculos
656 741 707 781 ad
740 741 855 781 illam
889 742 1160 782 collationem
1191 742 1494 794 convertimus,

83 826 168 866 qua
202 826 330 867 supra
361 819 585 868 praecepta
618 814 667 854 de
699 814 762 854 his
797 814 977 854 statibus
1011 814 1224 865 secundis,
1257 815 1291 854 si
1330 815 1386 854 ita
1421 827 1494 855 eos

82 885 321 939 significare
359 886 481 927 nobis
527 888 636 936 licet,
687 887 1039 939 comparavimus,
1090 888 1225 940 primo
1269 888 1407 927 statim
1450 888 1492 927 in

81 962 312 1011 conspectu
353 959 735 1000 animadvertimus
779 957 1024 998 Ciceronem
1066 959 1116 998 de
1154 960 1241 998 inv,
1275 958 1306 1012 Ι,
1342 960 1406 1011 13,
1442 959 1494 999 18

79 1029 398 1071 firmamentum
432 1032 514 1071 alio
547 1032 639 1071 loco
673 1032 839 1084 aliaque
871 1032 1034 1070 ratione
1063 1031 1334 1084 descripsisse
1367 1036 1495 1085 atque

75 1102 131 1142 de
163 1107 268 1156 part.
304 1115 362 1144 or.
397 1104 464 1155 29,
500 1104 596 1144 103.
660 1102 741 1144 Sed
774 1104 893 1144 locus
926 1104 1056 1143 huius
1090 1108 1225 1144 status
1257 1104 1412 1158 pendet
1440 1117 1493 1144 ex

79 1174 325 1216 definitione
358 1175 410 1215 ad
455 1188 634 1229 eamque
674 1188 717 1216 se
759 1176 1078 1216 accommodare
1117 1176 1251 1218 debet.
1315 1176 1423 1217 Nam
1459 1179 1493 1217 si

79 1246 395 1288 firmamentum
429 1247 640 1288 defensori
675 1248 959 1300 attribuimus,
992 1254 1199 1302 sequatur
1232 1253 1393 1302 oportet
1431 1251 1494 1289 in-

77 1318 362 1360 firmationem
425 1321 615 1372 rationis,
677 1333 804 1373 quam
868 1326 1093 1362 accusatur
1154 1323 1197 1361 10
1262 1321 1495 1362 defensoris

78 1391 286 1432 rationem
318 1392 492 1445 profert3
540 1405 594 1433 ex
625 1394 790 1433 ratione
813 1397 950 1433 autem
978 1397 1107 1446 atque
1134 1407 1187 1434 ex
1210 1394 1497 1436 infirmatione

79 1465 254 1505 rationis
272 1464 453 1505 efficitur
474 1465 698 1516 iudicati03
723 1478 821 1518 ergo
844 1465 1160 1506 firmamentum
1189 1467 1495 1508 iudicationem

79 1537 240 1576 anteire
287 1549 371 1577 non
419 1541 566 1591 potest.
642 1536 714 1577 Sin
768 1537 1084 1578 firmamentum
1142 1541 1376 1580 accusatori
1425 1541 1497 1580 ad-

78 1608 307 1661 iudicatur,
337 1610 450 1649 idem
485 1622 575 1650 esse
599 1610 735 1662 debet,
769 1610 882 1663 quod
915 1610 1143 1650 infirmatio
1168 1612 1362 1662 rationis;
1397 1626 1495 1653 nam

80 1681 183 1734 quid
206 1682 324 1722 iuvat
346 1682 413 1722 vel
437 1683 609 1736 expedit
634 1682 963 1735 firmamentum,
986 1688 1209 1736 postquam
1239 1685 1496 1726 iudicatione

80 1765 207 1794 causa
239 1755 322 1794 iam
356 1767 442 1794 non
474 1754 571 1806 lata,
595 1755 667 1795 sed
692 1760 875 1809 angusta
902 1757 1129 1796 constituta
1162 1758 1251 1797 est?
1287 1757 1496 1806 Quoniam

78 1830 219 1866 autem
252 1831 478 1869 accusator
510 1827 742 1868 defensoris
773 1830 977 1868 rationem
1011 1828 1195 1869 refutare
1228 1843 1312 1870 non
1347 1835 1499 1885 potest,

81 1899 165 1939 nisi
195 1899 466 1952 gravioribus
498 1903 774 1954 argumentis,
808 1900 1122 1941 firmamentum
1157 1914 1244 1942 non
1277 1904 1496 1957 defensori,

78 1971 152 2011 sed
191 1973 421 2013 accusatori
473 1972 757 2013 addicendum
800 1987 891 2014 esse
938 1978 1157 2027 putamus.
1236 1977 1375 2029 Atque
1418 1978 1495 2018 hoc

81 2043 252 2096 quidem
302 2043 460 2096 Cicero,
508 2049 557 2086 ut
604 2047 775 2099 scimus,
822 2047 866 2086 in
908 2047 1230 2100 „partitionibus
1276 2051 1495 2091 oratoriis‘c

77 2116 195 2166 tecit3
236 2117 280 2156 in
318 2118 454 2170 primo
503 2117 710 2159 librorum
759 2119 837 2171 „de
884 2120 1156 2160 inventione“
1205 2133 1303 2162 vero
1344 2123 1493 2163 miram

80 2198 228 2228 earum
259 2201 402 2230 rerum
436 2191 731 2232 confusionem
772 2196 812 2233 et
843 2193 1204 2245 perturbationem
1243 2196 1491 2248 reperimus.

78 2259 172 2301 Illic
213 2262 338 2313 enim,
378 2267 603 2316 postquam
647 2265 697 2305 de
745 2266 908 2306 ratione
959 2266 1080 2318 dixit,
1126 2267 1234 2306 nihil
1281 2267 1332 2307 de
1378 2267 1494 2308 infir-

77 2333 264 2374 matione
295 2335 471 2376 rationis
495 2339 853 2390 commemoravit,
877 2339 949 2379 sed
974 2340 1114 2379 statim
1147 2339 1198 2379 ad
1220 2340 1494 2382 iudicationis

77 2405 406 2458 explicationem
444 2409 613 2449 transiit
659 2411 704 2449 10
746 2422 879 2463 eaque
927 2411 1166 2452 definienda
1212 2416 1376 2466 praeter
1420 2426 1494 2454 ex-

77 2479 379 2529 spectationem
419 2481 595 2522 rationis
634 2482 965 2524 infirmationem
1018 2485 1170 2537 attulit,
1220 2487 1341 2538 quasi
1384 2487 1491 2526 iam-

77 2548 242 2590 dudum
277 2553 444 2605 cognita
477 2558 599 2594 esset.

219 2621 523 2665 Desideramus
550 2626 680 2679 igitur
713 2628 763 2668 de
786 2629 872 2670 inv.
905 2628 939 2677 I,
967 2629 1032 2681 13,
1056 2629 1109 2668 28
1137 2630 1489 2683 significationem

73 2696 117 2734 et
148 2697 441 2737 tractationem
474 2710 620 2739 eorum
657 2700 897 2751 verborum,
940 2715 1048 2754 quae
1088 2710 1308 2745 accusator
1347 2705 1487 2746 defen-
