1863 3146
672 220 903 258 —31—

86 337 279 389 spectant
324 346 410 375 non
443 335 585 376 minus
619 335 668 376 (16
702 349 758 376 or.
790 336 845 389 ΙΙ,
878 336 944 388 61,
981 335 1061 375 175
1096 339 1136 376 6(
1167 339 1250 390 top.
1284 337 1321 388 2,
1358 337 1392 387 7,
1425 336 1499 377 ubi

86 407 232 448 eadem
264 407 544 460 postulantur,
577 421 686 462 quae
718 409 821 450 locis
855 412 950 449 ante
982 407 1214 463 peractis.¹)

224 478 287 519 Ea
319 483 461 521 autem
493 484 755 534 argumenta,
789 494 896 535 quae
930 483 1070 522 orator
1094 481 1272 533 invenit,
1296 479 1498 521 ordinan-

86 551 138 592 da
169 563 247 592 nec
280 553 373 593 sine
403 550 604 606 iudicio2)
638 553 876 594 adhibenda
912 566 1001 595 esse
1032 566 1107 607 per
1139 567 1182 594 se
1214 553 1496 607 intellegitur3

85 625 366 666 nihilominus
400 624 546 666 Cicero
579 625 621 665 id
645 626 853 679 imprimis
886 627 1110 680 praecepit,
1141 638 1238 666 cum
1273 625 1322 666 de
1354 626 1441 667 inv,
1466 625 1499 677 Ι,

88 698 154 750 30,
188 697 241 738 50
289 699 486 751 „inventa
530 698 727 738 exornari
775 702 815 738 et
846 701 981 739 certas
1013 699 1058 738 in
1090 702 1232 752 partes
1267 698 1498 751 distingui“

85 771 317 824 postularet
361 774 401 811 et
449 770 499 811 de
530 774 635 824 part.
671 783 726 810 or.
762 771 798 823 3,
832 770 856 811 8
889 771 1096 825 iudicium
1128 774 1349 824 propterea
1382 770 1498 810 adhi-

83 843 273 884 bendum
305 856 396 884 esse
415 843 583 895 diceret,
615 846 688 896 „ut
705 843 814 883 levia
831 855 998 897 semper
1016 844 1264 893 eicerentur,
1297 856 1497 884 nonnun-

87 929 214 969 quam
262 916 386 956 etiam
422 916 664 956 communia
695 916 1133 969 praetermitterentur
1165 918 1205 956 et
1235 928 1320 956 non
1354 928 1500 956 neces-

85 986 266 1038 sariaf‘3)

499 1073 535 1100 a.
569 1061 638 1100 De
671 1059 1076 1102 confirmatione.

229 1133 417 1174 Maxime
457 1134 613 1174 oratori
657 1132 700 1172 id
740 1132 1002 1173 studendum
1041 1138 1113 1184 est,
1152 1136 1198 1173 ut
1236 1131 1499 1173 auditoribus

86 1205 342 1260 persuadeat
382 1205 433 1246 ab
472 1206 612 1259 iisque
652 1205 806 1256 omnia,
848 1217 1134 1258 quaecunque
1179 1205 1344 1258 dixerit,
1389 1218 1500 1245 com-

86 1277 341 1332 probentur,
380 1278 423 1318 id
461 1276 680 1332 perficitur
721 1277 1054 1327 confirmatione,
1096 1290 1171 1332 per
1210 1291 1352 1331 quam,
1391 1278 1502 1318 sicut

89 1350 234 1392 Cicero
280 1351 332 1392 de
374 1351 462 1392 inv,
501 1349 534 1402 Ι,
574 1350 714 1402 24,34
761 1350 881 1402 dixit,
925 1350 1287 1403 „argumentando
1333 1355 1501 1390 nostrae

88 1435 240 1464 causae
280 1423 410 1463 fidem
448 1426 488 1463 et
532 1423 824 1463 auctoritatem
870 1426 909 1463 et
946 1422 1266 1463 firmamentum
1306 1422 1502 1475 adiungit

90 1496 262 1537 oratio.“
332 1494 415 1536 Sed
461 1508 546 1548 quo
590 1494 770 1536 celerius
815 1499 854 1535 et
899 1494 1065 1535 facilius
1107 1499 1245 1535 orator
1289 1507 1347 1545 ea,
1391 1507 1501 1547 quae

89 1568 321 1621 contendit,
365 1567 618 1608 confirmare
664 1568 810 1621 possit,
855 1566 998 1608 Cicero
1045 1571 1179 1608 certos
1223 1567 1351 1619 locos,
1395 1579 1502 1619 quos

91 1653 220 1694 supra
250 1641 334 1680 iam
368 1641 599 1694 attigimus,
633 1653 799 1681 summa
818 1653 920 1680 cura
945 1640 1186 1693 explicavit,
1212 1652 1318 1689 quos
1345 1651 1505 1690 omnes,

92 1714 165 1767 qui
212 1713 265 1754 ad
309 1712 537 1753 dicendum
583 1713 802 1763 accedunt,
846 1713 1016 1767 penitus
1056 1716 1273 1767 perceptos
1313 1715 1351 1752 et
1390 1723 1501 1751 com-

91 1786 320 1840 prehensos
352 1784 506 1826 habere
538 1797 712 1826 necesse
746 1789 819 1825 est.

233 1856 349 1907 Quos
380 1858 496 1899 locos
529 1858 580 1898 de
612 1858 699 1898 inv,
738 1857 770 1910 Ι,
805 1858 872 1908 24,
893 1858 947 1897 34
981 1870 1099 1911 sequ.
1140 1858 1181 1897 in
1226 1857 1309 1896 duo
1347 1868 1502 1909 genera

92 1930 248 1983 divisit,
280 1944 463 1984 quorum
496 1931 675 1971 alterum
718 1942 772 1969 ex
803 1942 1095 1983 personarum,
1129 1930 1309 1970 alterum
1343 1941 1397 1969 ex
1429 1941 1500 1969 ne-

89 2005 304 2058 gotiorum
335 2002 550 2043 attributis
583 2006 758 2044 constat.
823 2001 889 2042 Ad
922 2014 1126 2055 personas
1160 2006 1302 2042 autem
1334 2013 1503 2051 nomen,

90 2079 300 2128 naturam,
331 2076 504 2127 vietum,
536 2060 766 2126 fortunam,
797 2073 1002 2126 habitum,
1035 2066 1311 2127 affectionem,
1351 2073 1505 2124 studia,

90 2148 281 2200 consilia,
310 2148 433 2200 facta,
450 2160 587 2199 casus,
620 2144 868 2200 orationes&
901 2147 1113 2200 pertinere
1147 2146 1269 2198 dixit,
1302 2158 1406 2199 quas
1438 2157 1505 2185 res

89 2234 247 2275 magna
276 2221 488 2261 industria
521 2223 561 2260 et
593 2219 842 2260 assiduitate
875 2219 1116 2259 declaravit.
1181 2218 1264 2259 Sed
1301 2218 1395 2258 illas
1434 2218 1504 2257 de-

89 2292 311 2334 finitiones
341 2293 570 2347 praeterire
601 2292 749 2345 placet,
782 2305 880 2331 nam
899 2316 954 2320 —
973 2296 1019 2331 ut
1050 2292 1205 2331 iterum
1239 2290 1505 2330 dicamus——

230 2430 264 2476 1)
290 2431 364 2466 Alii
399 2431 479 2473 loci,
518 2431 582 2466 ubi
606 2432 648 2466 de
673 2431 831 2465 locorum
857 2430 1023 2475 utilitate,
1061 2430 1250 2474 gravitate,
1290 2428 1503 2463 necessitate

89 2492 218 2537 agitur,
259 2493 359 2527 sunt:
396 2492 440 2526 de
466 2502 514 2526 or.
539 2491 588 2537 11,
629 2494 684 2533 34,
711 2493 916 2535 146—1473
974 2494 1045 2535 top.
1075 2494 1128 2534 17,
1156 2494 1218 2531 665.
1280 2500 1329 2526 or.
1357 2488 1411 2531 14,
1439 2492 1506 2530 44;

90 2557 146 2596 14,
173 2555 230 2589 46.

228 2615 263 2657 2)
292 2612 354 2648 cfr.
382 2623 429 2648 or.
456 2613 511 2654 15,
536 2614 600 2653 48;
645 2612 688 2646 de
713 2621 762 2648 or.
788 2610 833 2652 ΙΙ,
861 2613 915 2653 76,
943 2613 1021 2647 309.

230 2675 266 2717 3)
292 2673 353 2711 cfr,
379 2673 422 2707 de
447 2684 495 2708 or.
521 2672 570 2714 11,
597 2676 653 2713 41,
683 2675 767 2714 1753
805 2673 878 2715 top.
906 2675 936 2714 ⁶2,
963 2673 997 2706 6.

229 2735 263 2780 4)
290 2734 352 2769 cfr.
379 2734 422 2768 de
448 2733 517 2768 inv.
545 2733 591 2775 ΙΙ,
617 2735 804 2777 9,28-31.
