1863 3146
105 328 219 383 quod
241 329 393 369 rationi
416 328 647 369 defensoris
680 327 874 380 obicitur,
904 328 1156 368 iudicationi
1184 328 1431 381 proximum
1455 334 1516 368 est

105 413 285 455 eamque
333 401 450 442 nullo
506 404 619 441 statu
676 401 987 441 interveniente
1044 400 1269 452 antecedit3
1317 413 1414 440 nam
1464 412 1517 440 ex

105 475 270 515 ratione
318 477 359 514 et
404 473 671 514 firmamento
719 474 910 513 nascitur
956 473 1173 514 iudicatio.
1252 473 1393 526 Atque
1444 472 1518 513 illa

105 544 276 600 quoque
308 546 456 587 verba:
491 545 569 599 „Et
600 547 644 585 in
677 546 826 586 ceteris
859 546 1031 599 quidem
1055 544 1434 586 constitutionibus
1468 545 1518 585 ad

103 620 219 659 hunc
250 619 422 660 modum
455 618 738 659 iudicationes
770 619 1064 671 reperiuntur“
1098 619 1188 659 sine
1221 616 1348 658 dubio
1382 618 1516 657 inulto

103 691 270 732 facilius
303 695 344 733 et
376 692 554 733 celerius
589 695 925 744 eognoscuntur;
960 704 1058 731 nam
1083 703 1180 731 cum
1214 693 1337 730 antea
1371 688 1517 730 abillo

104 764 298 818 exemplo
330 764 618 814 iudicationis,
642 764 691 804 ad
721 764 834 817 quod
857 763 1077 804 referenda
1100 766 1211 814 sunt,
1235 762 1516 815 descriptione

102 837 359 878 firmamenti
407 838 744 890 seiungerentur,
791 822 921 876 nunc
955 837 1096 877 statim
1153 847 1196 876 se
1251 835 1406 888 optime
1463 835 1515 875 ad

103 910 212 950 illud
244 909 467 963 applicant.

245 982 394 1036 Itaque
419 984 622 1035 quattuor
644 980 916 1022 difficultates
944 982 1019 1021 hac
1045 984 1188 1021 nostra
1216 980 1514 1020 emendatione

104 1057 356 1096 eximuntur
395 1058 522 1108 atque
569 1057 682 1094 totus
728 1054 848 1094 locus
886 1054 1009 1107 plane
1059 1066 1156 1094 cum
1194 1053 1265 1092 illo
1311 1054 1354 1092 in
1395 1065 1514 1106 „par-

103 1127 328 1168 titionibus
361 1126 579 1168 oratoriis“
613 1127 837 1167 consentit.

244 1199 326 1241 Sed
360 1200 410 1241 de
442 1198 623 1240 statibus
664 1204 793 1253 atque
837 1200 889 1239 de
926 1199 1101 1239 materia
1144 1198 1245 1238 artis
1283 1196 1515 1237 rhetoricae

104 1273 323 1314 hactenus.

582 1462 757 1532 Caput
800 1464 1050 1516 alterum,

436 1556 498 1608 De
538 1556 751 1621 partibus
790 1556 929 1608 officii
971 1554 1179 1607 oratorii.

245 1639 393 1680 Artem
426 1641 679 1681 rhetoricam
713 1640 929 1681 distribuit
963 1639 1118 1690 Cicero,
1166 1637 1277 1677 sicut
1320 1635 1390 1675 alii
1424 1635 1518 1675 rhe-

103 1716 227 1764 tores,
258 1714 302 1752 in
335 1713 526 1767 quinque
557 1717 711 1767 partes,
736 1726 915 1766 quarum
941 1709 1232 1765 compluribus
1264 1708 1367 1748 locis
1400 1721 1517 1748 men-

102 1786 261 1826 tionem
283 1784 398 1827 fecit.
461 1784 585 1826 Illam
607 1786 887 1839 -partitionem
920 1785 1155 1838 reperimus
1189 1782 1239 1822 de
1272 1781 1466 1833 inv.1,?,
1494 1781 1517 1820 9

104 1858 168 1899 his
199 1857 343 1899 verbis
375 1870 638 1912 expressam:
672 1891 695 1911 „
824 1862 965 1912 partes
1014 1860 1156 1896 autem
1192 1853 1266 1910 [sc.
1299 1852 1513 1906 materiae]

104 1943 190 1984 eae,
222 1944 330 1984 quas
361 1930 555 1985 plerique
589 1931 805 1982 dixerunt,
827 1930 1029 1981 inventio,
1060 1927 1292 1981 dispositio,
1321 1926 1517 1977 elocutio,

104 2005 319 2051 memoria,
362 2004 695 2058 pronuntiati0.“
777 2002 861 2044 Eas
908 2003 1038 2056 igitur
1084 2004 1225 2054 partes
1278 1999 1520 2038 materiae

104 2089 195 2117 esse
235 2076 356 2126 dixit,
401 2076 445 2116 in
479 2090 587 2131 quas
620 2089 697 2118 nos
731 2075 786 2116 of
796 2075 989 2116 ficium
1023 2073 1200 2114 oratoris
1233 2071 1380 2124 partiri
1414 2071 1519 2111 sole-

103 2162 212 2191 mus.
276 2149 356 2191 Sed
403 2151 448 2190 in
496 2150 574 2190 hac
617 2162 661 2189 re
694 2149 860 2200 erravit,
908 2153 981 2188 aut
1030 2158 1137 2200 quae
1185 2144 1324 2184 dicere
1372 2142 1518 2194 voluit,

102 2222 212 2263 male
255 2223 474 2277 expressit.
550 2221 647 2275 Ipse
680 2222 795 2262 enim
826 2220 968 2274 paullo
1002 2227 1108 2271 ante,
1141 2218 1191 2258 de
1223 2217 1308 2257 inv.
1344 2214 1376 2267 I,
1411 2216 1448 2267 5,
1483 2215 1519 2267 7,

102 2295 321 2336 materiam
358 2296 439 2335 hoc
471 2295 594 2335 modo
629 2293 837 2334 definivit:
883 2289 1127 2345 „Materiam
1174 2290 1274 2330 artis
1319 2300 1411 2328 eam
1457 2287 1518 2327 di-

102 2368 252 2421 cimus,
282 2369 328 2408 in
361 2381 445 2422 qua
479 2368 618 2408 omnis
650 2379 717 2406 ars
750 2369 791 2406 et
825 2377 873 2406 ea
904 2364 1097 2414 facultas,
1144 2374 1252 2415 quae
1295 2360 1519 2401 conficitur

100 2453 154 2481 ex
186 2443 286 2493 arte,
331 2440 561 2492 versatur,“
602 2451 710 2493 quae
758 2437 888 2478 verba
931 2437 1044 2477 idem
1088 2434 1330 2489 significant
1375 2438 1518 2486 atque:

101 2525 170 2554 eas
217 2525 298 2566 res,
344 2513 395 2553 de
429 2512 586 2566 quibus
619 2514 757 2552 orator
790 2510 927 2550 dicere
959 2512 1107 2562 potest,
1150 2507 1371 2547 materiam
1417 2506 1519 2545 artis

100 2586 334 2626 rhetoricae
365 2585 662 2634 nominamus3
714 2582 867 2624 deinde
915 2595 1019 2631 eam,
1066 2585 1114 2622 ut
1156 2591 1288 2633 supra
1319 2578 1520 2631 diximus,

100 2660 146 2700 in
194 2659 274 2699 tria
319 2670 475 2712 genera
524 2657 682 2697 divisit:
733 2654 1129 2705 demonstrativum,
1175 2651 1518 2703 deliberativum,

99 2732 310 2774 iudiciale.
375 2729 525 2771 Orator
557 2740 787 2781 ver0,cum
821 2726 871 2767 de
905 2726 1049 2779 aliqua
1081 2737 1139 2777 re,
1159 2737 1267 2778 quae
1300 2724 1352 2764 ad
1383 2736 1518 2764 unum

1236 2805 1258 2838 4
