1863 3146
671 217 904 256 —59—

73 332 320 374 inventione
354 338 394 375 et
425 335 470 374 in
503 334 806 388 collocatione]
870 333 1063 385 Duobus,
1098 347 1203 387 quos
1236 347 1290 375 ex
1324 339 1487 376 oratore

75 404 300 446 attulimus
347 406 454 447 locis
492 407 543 448 de
574 407 710 448 tribus
744 406 959 461 partibus:
1005 407 1265 457 inventione,
1312 408 1488 449 colloca-

73 478 200 529 tione,
244 478 482 520 elocutione
518 481 576 520 ita
608 480 761 534 agitur,
810 484 857 520 ut
904 480 1082 533 scriptor
1129 492 1294 533 semper
1330 481 1488 534 primas

75 549 304 590 elocutioni
336 551 509 592 tribuat.
571 553 718 605 Atque
749 552 862 593 idem
902 552 1137 593 clarissime
1182 553 1488 594 demonstravit

76 634 123 662 ea
155 635 212 675 re,
244 626 292 664 ut
322 623 430 664 hanc
461 628 623 678 partem
655 625 697 664 in
723 625 845 665 tertio
871 637 1030 678 eorum,
1056 638 1164 678 quos
1182 626 1394 679 inscripsit
1411 625 1489 679 „de

75 696 260 737 oratore“
314 695 557 751 librorum1)
607 700 648 738 et
691 698 735 737 in
783 701 867 738 toto
917 697 1127 750 „oratore“
1167 697 1489 751 diligentissime

74 769 451 823 copiosissimeque
482 773 694 810 tractaret.
921 820 924 822 μ

215 840 446 894 Reliquum
479 845 552 894 est,
586 846 632 882 ut
665 855 942 896 exponamus,
975 843 1188 895 quomodo
1219 842 1363 883 Cicero
1396 844 1489 884 illas

74 916 214 967 partes
248 913 480 965 definierit,
528 915 684 967 cuique
727 918 867 955 autem
903 915 1135 955 definitioni
1170 916 1486 957 collocationem

75 987 299 1027 nominum
333 986 425 1027 eius
456 988 601 1040 partis,
647 987 698 1028 de
741 1000 825 1041 qua
858 993 1016 1041 agetur,
1063 988 1356 1041 adiungemus,
1403 1002 1487 1042 quo

75 1059 228 1100 melius
263 1059 546 1113 intellegatur,
578 1072 686 1113 quae
718 1061 890 1100 nomina
922 1060 972 1100 ab
1007 1061 1174 1101 usitatis
1207 1061 1490 1115 discrepantia

75 1130 219 1172 Cicero
253 1131 434 1185 singulis
466 1132 658 1186 partibus
691 1132 941 1173 attribuerit.
1019 1132 1211 1173 Primum
1259 1134 1389 1187 igitur
1426 1136 1489 1175 in-

74 1204 290 1244 ventionis
324 1203 613 1246 definitionem
647 1205 934 1259 proferamus,
987 1218 1094 1258 quae
1141 1209 1205 1247 est
1251 1207 1301 1248 de
1337 1208 1424 1248 inV.
1458 1208 1490 1261 I,

76 1277 113 1328 7,
147 1277 170 1317 9
204 1277 329 1317 haec:
371 1277 591 1330 „Iuventio
631 1282 694 1319 est
726 1279 977 1331 excogitatio
1010 1291 1154 1319 rerum
1188 1292 1384 1320 verarum
1417 1284 1491 1321 aut

74 1349 385 1402 verisimilium,
417 1362 526 1403 quae
559 1362 731 1391 causam
766 1350 1028 1404 probabilem
1067 1352 1284 1394 reddant.“
1347 1353 1490 1406 Atque

74 1422 177 1462 huic
209 1422 597 1476 circumscriptioni
635 1425 791 1477 optime
824 1425 1033 1464 consentit
1065 1425 1325 1466 inventionis
1359 1427 1489 1480 signi-

74 1494 224 1548 ficatio,
245 1508 372 1549 quam
402 1496 586 1548 legimus
619 1497 669 1537 de
703 1510 760 1539 or.
785 1496 817 1549 I,
840 1497 908 1549 422,
931 1497 1028 1547 187,
1058 1497 1131 1537 ubi
1154 1511 1227 1551 pro
1251 1499 1489 1550 „invenire‘

75 1567 230 1608 dicitur
282 1569 590 1622 „excogita1·e“;
644 1582 785 1623 neque
838 1569 956 1610 aliud
1010 1571 1142 1611 sensit
1189 1574 1343 1623 noster,
1391 1584 1487 1611 cum

76 1639 278 1681 scriberet
328 1643 576 1695 „reperire“,
625 1642 738 1696 quod
782 1642 1040 1683 vocabulum
1086 1647 1224 1684 exstat
1267 1643 1317 1684 de
1360 1657 1417 1684 or.
1458 1644 1489 1695 l,

77 1713 144 1764 31,
181 1713 262 1754 142
295 1717 336 1754 et
365 1713 484 1755 Brut.
520 1716 586 1767 59,
619 1716 717 1757 215.
788 1715 868 1756 Sed
903 1716 1071 1757 duobus
1104 1714 1207 1756 locis
1240 1715 1296 1757 M.
1322 1715 1490 1757 Tullius

40 1796 42 1798 ·
75 1785 254 1838 primam
284 1787 477 1841 quinque
498 1787 668 1828 illarum
702 1789 885 1842 partium
919 1787 1142 1829 obscurius
1171 1788 1382 1841 expressit
1405 1788 1493 1828 sive

75 1857 351 1913 significavit3
385 1860 493 1901 dixit
524 1861 637 1902 enim
679 1861 730 1901 de
775 1873 832 1902 or.
866 1861 899 1911 I,
937 1861 1002 1912 15,
1038 1861 1115 1900 64:
1150 1893 1172 1913 „
1194 1893 1200 1900 .
1222 1893 1228 1899 .
1254 1892 1262 1900 .
1286 1861 1321 1900 is
1355 1863 1493 1901 orator

77 1931 155 1971 erit
185 1944 279 1972 mea
311 1934 522 1973 sententia
553 1934 631 1973 hoc
663 1937 748 1974 tam
781 1934 901 1986 gravi
935 1933 1089 1986 dignus
1122 1933 1305 1985 nomine,
1329 1934 1401 1986 qui
1425 1964 1434 1973 .
1454 1965 1490 1975 ..

75 2004 308 2056 prudenter
339 2008 380 2046 et
412 2007 643 2059 composite
677 2010 717 2046 et
749 2011 898 2046 ornate
922 2009 962 2046 et
988 2007 1233 2046 memoriter
1260 2005 1371 2046 dicet
1393 2018 1491 2045 cum

79 2076 262 2129 quadam
311 2079 487 2120 actionis
536 2080 659 2120 etiam
714 2078 954 2131 dignitate,“
1004 2083 1043 2119 et
1095 2079 1216 2119 Brut.
1267 2078 1333 2128 63,
1387 2078 1488 2117 227:

77 2147 206 2201 „Rem
259 2150 432 2192 videbat
484 2156 618 2202 acute,
672 2151 953 2205 componebat
1007 2151 1241 2205 diligenter,
1289 2152 1492 2191 memoria

75 2221 247 2263 valebat
293 2224 394 2264 etc.“
475 2224 665 2278 Utroque
702 2224 794 2265 loco
841 2224 1110 2277 eloquentiae
1145 2224 1329 2277 partium
1375 2236 1491 2264 men-

76 2295 235 2335 tionem
266 2293 393 2348 fecit3
418 2298 491 2338 sed
513 2310 613 2338 cum
640 2297 830 2350 reliquas
862 2295 1005 2337 verbis
1039 2297 1193 2349 apertis
1225 2296 1491 2350 significaret,

76 2367 367 2409 inventionem
402 2382 486 2410 non
520 2369 884 2420 commemoravit3
928 2381 1027 2409 nam
1059 2368 1201 2409 verbis
1236 2367 1488 2421 „prudenter

79 2438 212 2479 dicet“
252 2443 292 2480 et
335 2453 448 2493 „rem
484 2441 654 2482 videbat
686 2443 832 2482 acute“
866 2454 952 2481 non
984 2441 1174 2481 inventio
1209 2440 1374 2491 dicitur,
1417 2438 1490 2479 sed

80 2511 299 2564 iudicium,
323 2514 437 2565 quod
470 2514 535 2555 his
568 2515 671 2556 locis
703 2515 839 2568 prima
871 2526 967 2567 pars
1000 2514 1157 2566 negotii
1189 2513 1364 2553 oratoris
1395 2524 1491 2566 pro-

222 2722 256 2768 1>
271 2723 324 2757 De
343 2733 394 2758 01¹.
410 2722 476 2765 ΙΙΙ,
494 2725 549 2766 10,
572 2727 720 2763 37-14,
737 2727 798 2764 55;
815 2727 869 2765 25,
885 2725 1037 2765 96-27,
1056 2725 1141 2763 107;
1161 2724 1215 2765 37,
1238 2724 1490 2764 149-55‚·212.
