1863 3146
720 210 952 249 -51-

270 325 410 367 Etiam
442 326 485 366 in
521 325 708 378 ‚,Brut0“
743 340 765 366 a
797 327 993 367 sollemni
1028 339 1108 367 usu
1141 326 1330 378 recessit,
1362 338 1458 366 cum
1481 326 1548 378 59,

132 399 215 438 215
248 399 292 438 in
324 410 502 439 numero
535 399 714 439 aliorum
748 403 962 439 oratorum
1003 400 1047 439 in
1080 399 1161 439 alia
1194 398 1394 439 orationis
1430 402 1547 452 parte

130 471 431 512 excellentium
466 471 517 511 de
551 472 737 512 Antonio
771 471 947 512 diceret:
999 470 1271 525 „reperiebat,
1318 471 1420 524 quid
1465 471 1546 511 dici

131 556 239 597 opus
280 547 391 585 esset
433 549 474 584 et
507 544 719 597 quomodo
751 545 995 597 praeparari
1043 548 1083 584 et
1130 556 1214 597 quo
1263 544 1354 584 loco
1400 544 1546 587 locari:

131 617 425 670 memoriaque
481 629 529 657 ea
583 617 966 670 comprehendebat
1021 616 1256 666 Antonius5
1313 614 1548 656 excellebat

131 693 272 729 autem
306 689 508 731 actione.“
558 688 708 742 Neque
736 690 840 730 alias
866 702 933 730 res
967 688 1222 742 significavit
1254 701 1331 729 nec
1363 690 1543 743 perspici

131 761 266 801 voluit
316 761 437 803 Brut.
476 762 542 814 63,
590 762 687 811 2227,
735 761 809 801 ubi
863 762 913 802 de
960 762 1007 803 P.
1050 761 1223 802 Antistii
1267 759 1544 802 facultatibus

130 834 342 874 oratoriis:
377 834 541 887 „Rem,“
574 835 727 888 inquit,
759 820 954 886 „videbat
987 838 1123 886 acute,
1140 834 1418 887 componebat
1451 835 1542 874 dili-

129 909 286 958 genter,
319 908 522 947 memoria
554 906 742 951 valebat:
777 906 919 947 verbis
952 920 1037 947 non
1070 907 1141 947 ille
1176 906 1350 960 quidem
1384 909 1541 947 ornatis

132 977 339 1030 utebatur,
390 979 464 1020 sed
501 982 643 1019 tamen
685 992 771 1018 non
805 979 1002 1030 abiectis,
1053 980 1247 1033 expedita
1281 983 1423 1020 autem
1457 985 1545 1020 erat

131 1054 171 1090 et
202 1051 399 1104 perfacile
432 1063 609 1092 currens
641 1053 784 1092 oratio.
863 1051 916 1091 Et
966 1056 1055 1093 erat
1103 1053 1193 1093 eius
1238 1052 1410 1105 quidam
1453 1056 1544 1092 tan-

130 1136 256 1176 quam
289 1123 459 1164 habitus
492 1137 575 1164 non
610 1124 872 1175 inurbanus,
920 1126 1027 1165 actio
1074 1125 1267 1179 paullum
1311 1137 1406 1164 cum
1441 1125 1542 1164 vitio

129 1196 246 1236 vocis
278 1199 369 1236 tum
402 1198 528 1237 etiam
561 1197 730 1250 ineptiis
763 1196 1072 1239 claudicabatf‘

270 1268 322 1308 In
353 1269 425 1309 illo
457 1269 599 1310 libello
633 1270 829 1324 denique,
849 1271 922 1324 qui
947 1270 1193 1311 inscribitur
1218 1269 1292 1322 „de
1318 1271 1543 1323 partitione

130 1341 335 1381 oratoria“
382 1343 468 1382 vim
517 1344 692 1384 oratoris
740 1356 824 1383 non
876 1344 1017 1383 statim
1065 1343 1105 1382 in
1158 1354 1240 1391 eas,
1289 1342 1339 1382 de
1389 1342 1546 1395 quibus

130 1414 309 1467 agimus,
356 1418 496 1468 partes
545 1416 702 1465 divisit,
746 1417 819 1456 sed
866 1417 1050 1469 primum
1090 1415 1205 1454 illam
1246 1415 1290 1454 in
1330 1427 1396 1455 res
1430 1416 1543 1455 etin

129 1485 259 1526 verba
307 1486 543 1541 distribuit:
590 1492 680 1528 tum
714 1489 850 1542 pergit
885 1489 920 1540 1,
941 1490 983 1528 3:
1034 1487 1142 1539 „Sed
1175 1490 1215 1528 et
1247 1500 1313 1528 res
1347 1491 1387 1529 et
1418 1487 1545 1529 verba

127 1559 386 1600 invenienda
417 1564 519 1601 sunt
550 1566 590 1601 et
622 1559 883 1601 collocanda.
953 1562 1124 1614 Proprie
1164 1563 1304 1600 autem
1338 1562 1381 1600 in
1416 1561 1544 1601 rebus

127 1632 333 1684 invenire,
365 1632 411 1672 in
443 1632 585 1674 verbis
618 1634 759 1687 eloqui
793 1634 959 1674 dicitur.
1032 1633 1247 1674 Collocare
1280 1636 1433 1685 autem,
1467 1636 1542 1675 etsi

129 1707 192 1744 est
238 1717 476 1756 commune,
523 1710 664 1747 tamen
714 1706 766 1746 ad
812 1705 1121 1747 inveniendum
1166 1705 1357 1748 refertur.
1435 1706 1544 1753 Vox,

130 1780 282 1830 motus,
314 1778 460 1819 vultus
507 1782 634 1832 atque
679 1780 818 1819 omnis
857 1779 964 1819 actio
1011 1778 1240 1831 eloquendi
1294 1791 1433 1820 comes
1482 1785 1544 1821 est

129 1862 365 1904 earumque
397 1863 539 1892 rerum
573 1853 767 1892 omnium
800 1856 946 1892 custos
979 1851 1223 1892 mem01·ia.“
1256 1894 1261 1898 ,

270 1923 340 1963 Ad
372 1927 613 1964 extremum
647 1925 770 1965 nobis
805 1937 890 1965 non
922 1924 1284 1978 praetereundum
1314 1936 1405 1965 esse
1428 1925 1542 1965 vide-

128 2002 199 2036 tur
246 1996 369 2036 Brut.
421 1996 459 2049 6,
493 1997 559 2049 25,
606 1997 681 2038 ubi
729 1997 874 2038 Cicero
922 1997 1095 2037 illarum
1137 1997 1328 2049 quinque
1359 1998 1543 2050 partium

130 2068 391 2109 mentionem
439 2068 549 2121 fecit,
600 2070 790 2123 singulas
838 2073 980 2111 autem
1023 2082 1108 2109 non
1142 2070 1419 2121 enumeravit,
1466 2071 1544 2111 hoc

129 2141 274 2181 modo:
322 2140 518 2193 „Quibus
551 2143 665 2183 enini
699 2154 753 2184 ex
788 2144 981 2196 quinque
1013 2142 1143 2183 rebus
1177 2146 1369 2183 constare
1394 2143 1547 2184 dicitur

133 2211 206 2269 [sc.
240 2212 515 2270 eloquentia],
548 2227 694 2256 earum
727 2229 814 2256 una
849 2228 1043 2269 quaeque
1077 2218 1140 2256 est
1173 2228 1239 2254 ars
1271 2216 1363 2269 ipsa
1392 2229 1547 2271 magna

128 2299 205 2340 per
235 2288 366 2328 sese.“

271 2358 386 2413 Ergo
435 2360 646 2413 omnibus,
699 2373 805 2413 quos
851 2361 991 2402 adhuc
1037 2361 1294 2414 protulimus
1324 2362 1427 2402 locis
1461 2363 1544 2403 elo·

133 2431 349 2483 quentiam
382 2435 527 2473 noster
557 2434 602 2472 in
637 2433 827 2487 quinque
859 2437 999 2487 partes
1032 2434 1186 2474 divisit.
1244 2433 1324 2474 Sed
1356 2435 1401 2474 in
1424 2434 1544 2486 libro,

133 2515 260 2556 quem
308 2505 495 2557 „orator“
543 2506 772 2558 inscripsit,
819 2504 870 2545 ab
913 2518 960 2546 ea
993 2507 1216 2559 partitione
1250 2506 1455 2561 discessit,
1504 2509 1544 2549 id

133 2576 247 2629 quod
294 2576 461 2618 duobus
507 2578 610 2618 locis
656 2579 810 2631 optime
858 2580 1137 2632 cognoscitur.
1202 2579 1397 2621 Primum
1430 2582 1541 2622 enim

132 2661 191 2689 or.
230 2648 295 2701 14,
328 2650 384 2690 43
431 2649 533 2689 haec
581 2650 767 2703 scripsit:
816 2649 1050 2703 „Quoniam
1100 2652 1179 2693 tria
1227 2652 1410 2694 videnda
1443 2660 1541 2695 sunt

133 2722 301 2774 oratori,
334 2721 437 2775 quid
471 2722 581 2763 dicat
615 2726 654 2763 et
688 2735 770 2776 quo
806 2723 994 2777 quidque
1025 2722 1118 2765 loco
1143 2728 1182 2765 et
1205 2738 1288 2778 quo
1313 2726 1449 2778 modo,
1484 2727 1543 2767 di-

1265 2802 1308 2838 4³1<
