<?xml version="1.0" encoding="UTF-8"?>
<!DOCTYPE html PUBLIC "-//W3C//DTD XHTML 1.0 Transitional//EN"
    "http://www.w3.org/TR/xhtml1/DTD/xhtml1-transitional.dtd">
<html xmlns="http://www.w3.org/1999/xhtml" xml:lang="en" lang="en">
 <head>
  <title>
</title>
<meta http-equiv="Content-Type" content="text/html;charset=utf-8" />
  <meta name='ocr-system' content='tesseract 3.04.00' />
  <meta name='ocr-capabilities' content='ocr_page ocr_carea ocr_par ocr_line ocrx_word'/>
</head>
<body>
  <div class='ocr_page' id='page_1' title='image "./deciceronisdoctr00heinuoft_0052.png"; bbox 0 0 1863 3146; ppageno 0'>
   <div class='ocr_carea' id='block_1_1' title="bbox 917 210 1162 248">
    <p class='ocr_par' dir='ltr' id='par_1_1' title="bbox 917 210 1162 248">
     <span class='ocr_line' id='line_1_1' title="bbox 917 210 1162 248; baseline 0 0"><span class='ocrx_word' id='word_1_1' title='bbox 917 210 1059 248; x_wconf 73' lang='lat'>—46</span> <span class='ocrx_word' id='word_1_2' title='bbox 1095 217 1162 238; x_wconf 62' lang='lat'>-⁴</span> 
     </span>
    </p>
   </div>
   <div class='ocr_carea' id='block_1_2' title="bbox 324 323 1754 2551">
    <p class='ocr_par' dir='ltr' id='par_1_2' title="bbox 324 323 1754 2551">
     <span class='ocr_line' id='line_1_2' title="bbox 325 323 1734 380; baseline -0.002 -13"><span class='ocrx_word' id='word_1_3' title='bbox 325 328 412 367; x_wconf 86' lang='lat' dir='ltr'>und</span> <span class='ocrx_word' id='word_1_4' title='bbox 447 327 641 380; x_wconf 73' lang='lat' dir='ltr'>depulsio</span> <span class='ocrx_word' id='word_1_5' title='bbox 676 326 949 367; x_wconf 85' lang='lat' dir='ltr'>entstehende</span> <span class='ocrx_word' id='word_1_6' title='bbox 983 325 1114 379; x_wconf 79' lang='lat' dir='ltr'>Frage</span> <span class='ocrx_word' id='word_1_7' title='bbox 1146 326 1295 365; x_wconf 87' lang='lat' dir='ltr'>iurene</span> <span class='ocrx_word' id='word_1_8' title='bbox 1327 323 1473 364; x_wconf 88' lang='lat' dir='ltr'>fecerit</span> <span class='ocrx_word' id='word_1_9' title='bbox 1506 325 1567 365; x_wconf 82' lang='lat' dir='ltr'>als</span> <span class='ocrx_word' id='word_1_10' title='bbox 1590 323 1734 365; x_wconf 83' lang='lat' dir='ltr'>Status</span> 
     </span>
     <span class='ocr_line' id='line_1_3' title="bbox 325 396 1736 449; baseline 0 -13"><span class='ocrx_word' id='word_1_11' title='bbox 325 400 580 440; x_wconf 80' lang='lat' dir='ltr'>bezeichnet.</span> <span class='ocrx_word' id='word_1_12' title='bbox 645 397 739 438; x_wconf 81' lang='lat' dir='ltr'>Wie</span> <span class='ocrx_word' id='word_1_13' title='bbox 772 398 815 436; x_wconf 91' lang='lat' dir='ltr'>in</span> <span class='ocrx_word' id='word_1_14' title='bbox 851 397 954 438; x_wconf 82' lang='lat' dir='ltr'>aller</span> <span class='ocrx_word' id='word_1_15' title='bbox 978 397 1091 438; x_wconf 91' lang='lat' dir='ltr'>Welt</span> <span class='ocrx_word' id='word_1_16' title='bbox 1124 397 1203 437; x_wconf 88' lang='lat' dir='ltr'>soll</span> <span class='ocrx_word' id='word_1_17' title='bbox 1236 396 1349 437; x_wconf 90' lang='lat' dir='ltr'>denn</span> <span class='ocrx_word' id='word_1_18' title='bbox 1382 409 1473 437; x_wconf 89' lang='lat' dir='ltr'>nun</span> <span class='ocrx_word' id='word_1_19' title='bbox 1508 396 1575 437; x_wconf 88' lang='lat' dir='ltr'>die</span> <span class='ocrx_word' id='word_1_20' title='bbox 1602 396 1736 449; x_wconf 85' lang='lat' dir='ltr'>Frage</span> 
     </span>
     <span class='ocr_line' id='line_1_4' title="bbox 324 469 1737 521; baseline -0.001 -10"><span class='ocrx_word' id='word_1_21' title='bbox 324 474 471 511; x_wconf 86' lang='lat' dir='ltr'>iurene</span> <span class='ocrx_word' id='word_1_22' title='bbox 511 471 656 510; x_wconf 86' lang='lat' dir='ltr'>fecerit</span> <span class='ocrx_word' id='word_1_23' title='bbox 694 483 767 510; x_wconf 83' lang='lat' dir='ltr'>aus</span> <span class='ocrx_word' id='word_1_24' title='bbox 816 469 912 510; x_wconf 89' lang='lat' dir='ltr'>dem</span> <span class='ocrx_word' id='word_1_25' title='bbox 953 469 1096 510; x_wconf 81' lang='lat' dir='ltr'>Status</span> <span class='ocrx_word' id='word_1_26' title='bbox 1149 469 1382 521; x_wconf 88' lang='lat' dir='ltr'>entstehen,</span> <span class='ocrx_word' id='word_1_27' title='bbox 1424 469 1499 508; x_wconf 88' lang='lat' dir='ltr'>mit</span> <span class='ocrx_word' id='word_1_28' title='bbox 1545 469 1641 509; x_wconf 89' lang='lat' dir='ltr'>dem</span> <span class='ocrx_word' id='word_1_29' title='bbox 1678 469 1737 509; x_wconf 87' lang='lat' dir='ltr'>sie</span> 
     </span>
     <span class='ocr_line' id='line_1_5' title="bbox 324 541 1738 596; baseline -0.002 -13"><span class='ocrx_word' id='word_1_30' title='bbox 324 543 533 583; x_wconf 85' lang='lat' dir='ltr'>identisch</span> <span class='ocrx_word' id='word_1_31' title='bbox 560 542 644 582; x_wconf 81' lang='lat' dir='ltr'>ist?</span> <span class='ocrx_word' id='word_1_32' title='bbox 677 541 795 582; x_wconf 88' lang='lat' dir='ltr'>Oben</span> <span class='ocrx_word' id='word_1_33' title='bbox 824 542 921 596; x_wconf 78' lang='lat'>8,10</span> <span class='ocrx_word' id='word_1_34' title='bbox 946 542 1043 581; x_wconf 82' lang='lat' dir='ltr'>kam</span> <span class='ocrx_word' id='word_1_35' title='bbox 1071 541 1216 581; x_wconf 85' lang='lat' dir='ltr'>Cicero</span> <span class='ocrx_word' id='word_1_36' title='bbox 1240 554 1322 582; x_wconf 87' lang='lat' dir='ltr'>von</span> <span class='ocrx_word' id='word_1_37' title='bbox 1347 541 1420 582; x_wconf 86' lang='lat' dir='ltr'>der</span> <span class='ocrx_word' id='word_1_38' title='bbox 1440 541 1738 593; x_wconf 78' lang='lat' dir='ltr'>controversia,</span> 
     </span>
     <span class='ocr_line' id='line_1_6' title="bbox 326 611 1738 671; baseline -0.001 -17"><span class='ocrx_word' id='word_1_39' title='bbox 326 616 419 655; x_wconf 87' lang='lat' dir='ltr'>dem</span> <span class='ocrx_word' id='word_1_40' title='bbox 455 611 632 671; x_wconf 75' lang='grc' dir='ltr'>ζήτημα,</span> <span class='ocrx_word' id='word_1_41' title='bbox 673 628 771 654; x_wconf 85' lang='lat' dir='ltr'>zum</span> <span class='ocrx_word' id='word_1_42' title='bbox 806 615 966 655; x_wconf 80' lang='lat' dir='ltr'>Status:</span> <span class='ocrx_word' id='word_1_43' title='bbox 1008 615 1099 654; x_wconf 90' lang='lat' dir='ltr'>hier</span> <span class='ocrx_word' id='word_1_44' title='bbox 1131 614 1312 654; x_wconf 84' lang='lat' dir='ltr'>entsteht</span> <span class='ocrx_word' id='word_1_45' title='bbox 1350 626 1428 653; x_wconf 83' lang='lat' dir='ltr'>aus</span> <span class='ocrx_word' id='word_1_46' title='bbox 1467 613 1562 653; x_wconf 88' lang='lat' dir='ltr'>dem</span> <span class='ocrx_word' id='word_1_47' title='bbox 1595 612 1738 653; x_wconf 80' lang='lat' dir='ltr'>Status</span> 
     </span>
     <span class='ocr_line' id='line_1_7' title="bbox 327 684 1739 739; baseline -0.001 -12"><span class='ocrx_word' id='word_1_48' title='bbox 327 688 392 727; x_wconf 91' lang='lat' dir='ltr'>die</span> <span class='ocrx_word' id='word_1_49' title='bbox 426 688 726 739; x_wconf 82' lang='lat' dir='ltr'>controversia,</span> <span class='ocrx_word' id='word_1_50' title='bbox 760 687 845 727; x_wconf 90' lang='lat' dir='ltr'>und</span> <span class='ocrx_word' id='word_1_51' title='bbox 882 687 995 727; x_wconf 88' lang='lat' dir='ltr'>diese</span> <span class='ocrx_word' id='word_1_52' title='bbox 1035 687 1089 727; x_wconf 90' lang='lat' dir='ltr'>ist</span> <span class='ocrx_word' id='word_1_53' title='bbox 1129 686 1195 726; x_wconf 90' lang='lat' dir='ltr'>die</span> <span class='ocrx_word' id='word_1_54' title='bbox 1239 686 1442 738; x_wconf 79' lang='lat' dir='ltr'>quaestio.</span> <span class='ocrx_word' id='word_1_55' title='bbox 1507 684 1592 725; x_wconf 84' lang='lat' dir='ltr'>Der</span> <span class='ocrx_word' id='word_1_56' title='bbox 1628 685 1739 738; x_wconf 82' lang='lat' dir='ltr'>frag-</span> 
     </span>
     <span class='ocr_line' id='line_1_8' title="bbox 325 757 1739 813; baseline -0.001 -13"><span class='ocrx_word' id='word_1_57' title='bbox 325 761 432 800; x_wconf 87' lang='lat' dir='ltr'>liche</span> <span class='ocrx_word' id='word_1_58' title='bbox 472 760 632 813; x_wconf 81' lang='lat' dir='ltr'>Begriff</span> <span class='ocrx_word' id='word_1_59' title='bbox 664 760 747 799; x_wconf 76' lang='lat' dir='ltr'>lost</span> <span class='ocrx_word' id='word_1_60' title='bbox 789 759 877 800; x_wconf 85' lang='lat' dir='ltr'>sich</span> <span class='ocrx_word' id='word_1_61' title='bbox 916 771 1042 799; x_wconf 81' lang='lat' dir='ltr'>unter</span> <span class='ocrx_word' id='word_1_62' title='bbox 1090 770 1249 798; x_wconf 88' lang='lat' dir='ltr'>unsern</span> <span class='ocrx_word' id='word_1_63' title='bbox 1288 757 1473 797; x_wconf 62' lang='lat' dir='ltr'>Heinden</span> <span class='ocrx_word' id='word_1_64' title='bbox 1512 758 1555 797; x_wconf 87' lang='lat' dir='ltr'>in</span> <span class='ocrx_word' id='word_1_65' title='bbox 1601 758 1739 798; x_wconf 87' lang='lat' dir='ltr'>nichts</span> 
     </span>
     <span class='ocr_line' id='line_1_9' title="bbox 327 828 1740 884; baseline -0.001 -12"><span class='ocrx_word' id='word_1_66' title='bbox 327 832 409 884; x_wconf 80' lang='lat' dir='ltr'>auf,</span> <span class='ocrx_word' id='word_1_67' title='bbox 466 833 544 872; x_wconf 84' lang='lat' dir='ltr'>wie</span> <span class='ocrx_word' id='word_1_68' title='bbox 598 831 782 872; x_wconf 77' lang='lat' dir='ltr'>Rauch.“</span> <span class='ocrx_word' id='word_1_69' title='bbox 862 831 1029 880; x_wconf 79' lang='lat' dir='ltr'>Quibus</span> <span class='ocrx_word' id='word_1_70' title='bbox 1090 830 1232 871; x_wconf 87' lang='lat' dir='ltr'>verbis</span> <span class='ocrx_word' id='word_1_71' title='bbox 1288 828 1533 870; x_wconf 79' lang='lat' dir='ltr'>Ciceronem</span> <span class='ocrx_word' id='word_1_72' title='bbox 1583 831 1740 870; x_wconf 84' lang='lat' dir='ltr'>iniuria</span> 
     </span>
     <span class='ocr_line' id='line_1_10' title="bbox 327 903 1740 958; baseline -0.001 -14"><span class='ocrx_word' id='word_1_73' title='bbox 327 905 611 958; x_wconf 79' lang='lat' dir='ltr'>reprehendit,</span> <span class='ocrx_word' id='word_1_74' title='bbox 669 917 765 944; x_wconf 76' lang='lat' dir='ltr'>nan]</span> <span class='ocrx_word' id='word_1_75' title='bbox 819 905 856 944; x_wconf 87' lang='lat' dir='ltr'>is</span> <span class='ocrx_word' id='word_1_76' title='bbox 916 917 1131 957; x_wconf 78' lang='lat' dir='ltr'>nusquam</span> <span class='ocrx_word' id='word_1_77' title='bbox 1202 903 1493 955; x_wconf 85' lang='lat' dir='ltr'>quaestionem</span> <span class='ocrx_word' id='word_1_78' title='bbox 1566 903 1740 956; x_wconf 74' lang='lat' dir='ltr'>„iurene</span> 
     </span>
     <span class='ocr_line' id='line_1_11' title="bbox 327 974 1741 1031; baseline -0.001 -14"><span class='ocrx_word' id='word_1_79' title='bbox 327 978 507 1028; x_wconf 41' lang='lat' dir='ltr'>fecerit&amp;</span> <span class='ocrx_word' id='word_1_80' title='bbox 543 990 651 1030; x_wconf 82' lang='lat' dir='ltr'>quae</span> <span class='ocrx_word' id='word_1_81' title='bbox 685 990 739 1018; x_wconf 73' lang='lat' dir='ltr'>ex</span> <span class='ocrx_word' id='word_1_82' title='bbox 762 976 1009 1031; x_wconf 78' lang='lat' dir='ltr'>depulsione</span> <span class='ocrx_word' id='word_1_83' title='bbox 1040 975 1288 1016; x_wconf 87' lang='lat' dir='ltr'>intentionis</span> <span class='ocrx_word' id='word_1_84' title='bbox 1321 974 1553 1025; x_wconf 78' lang='lat' dir='ltr'>exsisteret,</span> <span class='ocrx_word' id='word_1_85' title='bbox 1587 975 1741 1015; x_wconf 88' lang='lat' dir='ltr'>consti-</span> 
     </span>
     <span class='ocr_line' id='line_1_12' title="bbox 331 1046 1741 1099; baseline -0.002 -9"><span class='ocrx_word' id='word_1_86' title='bbox 331 1051 539 1090; x_wconf 84' lang='lat' dir='ltr'>tutionem</span> <span class='ocrx_word' id='word_1_87' title='bbox 573 1062 665 1090; x_wconf 89' lang='lat' dir='ltr'>esse</span> <span class='ocrx_word' id='word_1_88' title='bbox 698 1050 928 1090; x_wconf 80' lang='lat' dir='ltr'>contendit.</span> <span class='ocrx_word' id='word_1_89' title='bbox 990 1048 1047 1087; x_wconf 78' lang='lat' dir='ltr'>At</span> <span class='ocrx_word' id='word_1_90' title='bbox 1088 1047 1292 1096; x_wconf 76' lang='lat' dir='ltr'>definitio,</span> <span class='ocrx_word' id='word_1_91' title='bbox 1334 1060 1460 1099; x_wconf 80' lang='lat' dir='ltr'>quam</span> <span class='ocrx_word' id='word_1_92' title='bbox 1500 1047 1551 1088; x_wconf 86' lang='lat' dir='ltr'>de</span> <span class='ocrx_word' id='word_1_93' title='bbox 1588 1048 1677 1087; x_wconf 82' lang='lat' dir='ltr'>inv,</span> <span class='ocrx_word' id='word_1_94' title='bbox 1710 1046 1741 1099; x_wconf 90' lang='lat' dir='ltr'>I,</span> 
     </span>
     <span class='ocr_line' id='line_1_13' title="bbox 335 1119 1739 1172; baseline -0.001 -11"><span class='ocrx_word' id='word_1_95' title='bbox 335 1122 430 1172; x_wconf 51' lang='lat'>&amp;10</span> <span class='ocrx_word' id='word_1_96' title='bbox 466 1122 515 1162; x_wconf 91' lang='lat' dir='ltr'>de</span> <span class='ocrx_word' id='word_1_97' title='bbox 550 1123 854 1163; x_wconf 86' lang='lat' dir='ltr'>constitutione</span> <span class='ocrx_word' id='word_1_98' title='bbox 888 1121 1013 1172; x_wconf 82' lang='lat' dir='ltr'>dedit,</span> <span class='ocrx_word' id='word_1_99' title='bbox 1047 1124 1110 1161; x_wconf 87' lang='lat' dir='ltr'>est</span> <span class='ocrx_word' id='word_1_100' title='bbox 1141 1119 1323 1160; x_wconf 84' lang='lat' dir='ltr'>verbum</span> <span class='ocrx_word' id='word_1_101' title='bbox 1357 1131 1411 1159; x_wconf 78' lang='lat' dir='ltr'>ex</span> <span class='ocrx_word' id='word_1_102' title='bbox 1452 1120 1580 1161; x_wconf 88' lang='lat' dir='ltr'>verbo</span> <span class='ocrx_word' id='word_1_103' title='bbox 1619 1121 1739 1161; x_wconf 80' lang='lat' dir='ltr'>haec:</span> 
     </span>
     <span class='ocr_line' id='line_1_14' title="bbox 329 1191 1746 1248; baseline -0.003 -14"><span class='ocrx_word' id='word_1_104' title='bbox 329 1194 613 1247; x_wconf 82' lang='lat' dir='ltr'>„Constitutio</span> <span class='ocrx_word' id='word_1_105' title='bbox 648 1198 711 1235; x_wconf 92' lang='lat' dir='ltr'>est</span> <span class='ocrx_word' id='word_1_106' title='bbox 742 1195 880 1248; x_wconf 79' lang='lat' dir='ltr'>prima</span> <span class='ocrx_word' id='word_1_107' title='bbox 913 1192 1125 1233; x_wconf 85' lang='lat' dir='ltr'>conflictio</span> <span class='ocrx_word' id='word_1_108' title='bbox 1149 1205 1376 1232; x_wconf 83' lang='lat' dir='ltr'>causarum</span> <span class='ocrx_word' id='word_1_109' title='bbox 1410 1204 1464 1232; x_wconf 76' lang='lat' dir='ltr'>ex</span> <span class='ocrx_word' id='word_1_110' title='bbox 1497 1191 1746 1244; x_wconf 87' lang='lat' dir='ltr'>depulsione</span> 
     </span>
     <span class='ocr_line' id='line_1_15' title="bbox 331 1262 1743 1320; baseline -0.004 -13"><span class='ocrx_word' id='word_1_111' title='bbox 331 1268 580 1307; x_wconf 89' lang='lat' dir='ltr'>intentionis</span> <span class='ocrx_word' id='word_1_112' title='bbox 612 1266 808 1320; x_wconf 80' lang='lat' dir='ltr'>profecta,</span> <span class='ocrx_word' id='word_1_113' title='bbox 842 1267 920 1306; x_wconf 87' lang='lat' dir='ltr'>hoc</span> <span class='ocrx_word' id='word_1_114' title='bbox 962 1266 1105 1307; x_wconf 86' lang='lat' dir='ltr'>modo:</span> <span class='ocrx_word' id='word_1_115' title='bbox 1148 1264 1330 1315; x_wconf 78' lang='lat' dir='ltr'>‚Fecisti‘</span> <span class='ocrx_word' id='word_1_116' title='bbox 1364 1262 1473 1316; x_wconf 90' lang='lat' dir='ltr'>,Non</span> <span class='ocrx_word' id='word_1_117' title='bbox 1514 1263 1617 1316; x_wconf 85' lang='lat' dir='ltr'>feci‘,</span> <span class='ocrx_word' id='word_1_118' title='bbox 1655 1265 1743 1303; x_wconf 85' lang='lat' dir='ltr'>aut:</span> 
     </span>
     <span class='ocr_line' id='line_1_16' title="bbox 333 1337 1744 1394; baseline -0.004 -14"><span class='ocrx_word' id='word_1_119' title='bbox 333 1339 448 1391; x_wconf 80' lang='lat' dir='ltr'>,Jure</span> <span class='ocrx_word' id='word_1_120' title='bbox 496 1337 665 1394; x_wconf 72' lang='lat' dir='ltr'>feci‘.“1)</span> <span class='ocrx_word' id='word_1_121' title='bbox 745 1339 903 1380; x_wconf 85' lang='lat' dir='ltr'>Eadem</span> <span class='ocrx_word' id='word_1_122' title='bbox 956 1339 1118 1378; x_wconf 81' lang='lat' dir='ltr'>ratione</span> <span class='ocrx_word' id='word_1_123' title='bbox 1168 1338 1514 1378; x_wconf 89' lang='lat' dir='ltr'>constitutionem</span> <span class='ocrx_word' id='word_1_124' title='bbox 1562 1337 1744 1376; x_wconf 87' lang='lat' dir='ltr'>circum—</span> 
     </span>
     <span class='ocr_line' id='line_1_17' title="bbox 332 1409 1746 1465; baseline -0.003 -13"><span class='ocrx_word' id='word_1_125' title='bbox 332 1413 498 1465; x_wconf 80' lang='lat' dir='ltr'>scripsit</span> <span class='ocrx_word' id='word_1_126' title='bbox 531 1413 581 1453; x_wconf 93' lang='lat' dir='ltr'>de</span> <span class='ocrx_word' id='word_1_127' title='bbox 613 1413 702 1454; x_wconf 79' lang='lat' dir='ltr'>inv,</span> <span class='ocrx_word' id='word_1_128' title='bbox 736 1412 768 1465; x_wconf 89' lang='lat' dir='ltr'>I,</span> <span class='ocrx_word' id='word_1_129' title='bbox 796 1413 859 1464; x_wconf 85' lang='lat'>10,</span> <span class='ocrx_word' id='word_1_130' title='bbox 893 1412 962 1451; x_wconf 71' lang='lat'>13:</span> <span class='ocrx_word' id='word_1_131' title='bbox 999 1410 1188 1463; x_wconf 80' lang='lat' dir='ltr'>„Deinde</span> <span class='ocrx_word' id='word_1_132' title='bbox 1222 1411 1257 1450; x_wconf 88' lang='lat' dir='ltr'>si</span> <span class='ocrx_word' id='word_1_133' title='bbox 1290 1410 1533 1450; x_wconf 88' lang='lat' dir='ltr'>constitutio</span> <span class='ocrx_word' id='word_1_134' title='bbox 1572 1412 1612 1449; x_wconf 92' lang='lat' dir='ltr'>et</span> <span class='ocrx_word' id='word_1_135' title='bbox 1652 1409 1746 1462; x_wconf 83' lang='lat' dir='ltr'>ipsa</span> 
     </span>
     <span class='ocr_line' id='line_1_18' title="bbox 334 1482 1745 1539; baseline -0.003 -15"><span class='ocrx_word' id='word_1_136' title='bbox 334 1488 373 1524; x_wconf 90' lang='lat' dir='ltr'>et</span> <span class='ocrx_word' id='word_1_137' title='bbox 420 1497 517 1537; x_wconf 84' lang='lat' dir='ltr'>pars</span> <span class='ocrx_word' id='word_1_138' title='bbox 566 1486 658 1525; x_wconf 90' lang='lat' dir='ltr'>eius</span> <span class='ocrx_word' id='word_1_139' title='bbox 709 1485 924 1539; x_wconf 79' lang='lat' dir='ltr'>quaelibet</span> <span class='ocrx_word' id='word_1_140' title='bbox 977 1484 1226 1524; x_wconf 86' lang='lat' dir='ltr'>intentionis</span> <span class='ocrx_word' id='word_1_141' title='bbox 1279 1482 1470 1535; x_wconf 86' lang='lat' dir='ltr'>depulsio</span> <span class='ocrx_word' id='word_1_142' title='bbox 1517 1484 1588 1533; x_wconf 88' lang='lat' dir='ltr'>est,</span> <span class='ocrx_word' id='word_1_143' title='bbox 1638 1492 1745 1534; x_wconf 80' lang='lat' dir='ltr'>quae</span> 
     </span>
     <span class='ocr_line' id='line_1_19' title="bbox 332 1555 1746 1611; baseline -0.004 -14"><span class='ocrx_word' id='word_1_144' title='bbox 332 1558 580 1597; x_wconf 89' lang='lat' dir='ltr'>intentionis</span> <span class='ocrx_word' id='word_1_145' title='bbox 613 1558 804 1611; x_wconf 87' lang='lat' dir='ltr'>depulsio</span> <span class='ocrx_word' id='word_1_146' title='bbox 839 1570 924 1598; x_wconf 89' lang='lat' dir='ltr'>non</span> <span class='ocrx_word' id='word_1_147' title='bbox 958 1560 1031 1609; x_wconf 90' lang='lat' dir='ltr'>est,</span> <span class='ocrx_word' id='word_1_148' title='bbox 1064 1569 1111 1597; x_wconf 81' lang='lat' dir='ltr'>ea</span> <span class='ocrx_word' id='word_1_149' title='bbox 1143 1568 1221 1596; x_wconf 90' lang='lat' dir='ltr'>nec</span> <span class='ocrx_word' id='word_1_150' title='bbox 1253 1555 1498 1595; x_wconf 87' lang='lat' dir='ltr'>constitutio</span> <span class='ocrx_word' id='word_1_151' title='bbox 1541 1565 1619 1594; x_wconf 91' lang='lat' dir='ltr'>nec</span> <span class='ocrx_word' id='word_1_152' title='bbox 1650 1565 1746 1606; x_wconf 77' lang='lat' dir='ltr'>pars</span> 
     </span>
     <span class='ocr_line' id='line_1_20' title="bbox 333 1627 1749 1681; baseline -0.002 -12"><span class='ocrx_word' id='word_1_153' title='bbox 333 1630 649 1670; x_wconf 83' lang='lat' dir='ltr'>constitutionis</span> <span class='ocrx_word' id='word_1_154' title='bbox 682 1630 783 1680; x_wconf 76' lang='lat' dir='ltr'>est.“</span> <span class='ocrx_word' id='word_1_155' title='bbox 847 1628 986 1677; x_wconf 75' lang='lat' dir='ltr'>Quid?</span> <span class='ocrx_word' id='word_1_156' title='bbox 1021 1642 1125 1670; x_wconf 90' lang='lat' dir='ltr'>num</span> <span class='ocrx_word' id='word_1_157' title='bbox 1159 1629 1255 1681; x_wconf 88' lang='lat' dir='ltr'>quis</span> <span class='ocrx_word' id='word_1_158' title='bbox 1279 1627 1533 1668; x_wconf 80' lang='lat' dir='ltr'>contendere</span> <span class='ocrx_word' id='word_1_159' title='bbox 1567 1629 1749 1667; x_wconf 82' lang='lat' dir='ltr'>conatur</span> 
     </span>
     <span class='ocr_line' id='line_1_21' title="bbox 337 1698 1746 1755; baseline -0.003 -13"><span class='ocrx_word' id='word_1_160' title='bbox 337 1703 629 1755; x_wconf 80' lang='lat' dir='ltr'>quaestionem</span> <span class='ocrx_word' id='word_1_161' title='bbox 681 1702 852 1754; x_wconf 78' lang='lat' dir='ltr'>„iurene</span> <span class='ocrx_word' id='word_1_162' title='bbox 902 1702 1069 1742; x_wconf 62' lang='lat' dir='ltr'>feceriff‘</span> <span class='ocrx_word' id='word_1_163' title='bbox 1119 1701 1185 1740; x_wconf 88' lang='lat' dir='ltr'>vel</span> <span class='ocrx_word' id='word_1_164' title='bbox 1236 1700 1364 1740; x_wconf 83' lang='lat' dir='ltr'>aliam</span> <span class='ocrx_word' id='word_1_165' title='bbox 1417 1698 1629 1740; x_wconf 88' lang='lat' dir='ltr'>eiusmodi</span> <span class='ocrx_word' id='word_1_166' title='bbox 1682 1699 1746 1737; x_wconf 90' lang='lat' dir='ltr'>in-</span> 
     </span>
     <span class='ocr_line' id='line_1_22' title="bbox 333 1772 1744 1828; baseline -0.002 -14"><span class='ocrx_word' id='word_1_167' title='bbox 333 1775 532 1815; x_wconf 88' lang='lat' dir='ltr'>tentionis</span> <span class='ocrx_word' id='word_1_168' title='bbox 581 1775 873 1828; x_wconf 86' lang='lat' dir='ltr'>depulsionem</span> <span class='ocrx_word' id='word_1_169' title='bbox 922 1774 1040 1814; x_wconf 79' lang='lat' dir='ltr'>esse?</span> <span class='ocrx_word' id='word_1_170' title='bbox 1092 1772 1256 1822; x_wconf 79' lang='lat' dir='ltr'>Quodsi</span> <span class='ocrx_word' id='word_1_171' title='bbox 1303 1785 1404 1813; x_wconf 87' lang='lat' dir='ltr'>vero</span> <span class='ocrx_word' id='word_1_172' title='bbox 1452 1772 1596 1826; x_wconf 80' lang='lat' dir='ltr'>paullo</span> <span class='ocrx_word' id='word_1_173' title='bbox 1646 1773 1744 1811; x_wconf 85' lang='lat' dir='ltr'>ante</span> 
     </span>
     <span class='ocr_line' id='line_1_23' title="bbox 335 1845 1748 1900; baseline -0.002 -13"><span class='ocrx_word' id='word_1_174' title='bbox 335 1847 459 1887; x_wconf 75' lang='lat' dir='ltr'>dixit:</span> <span class='ocrx_word' id='word_1_175' title='bbox 494 1846 622 1899; x_wconf 78' lang='lat' dir='ltr'>„Eam</span> <span class='ocrx_word' id='word_1_176' title='bbox 657 1847 787 1900; x_wconf 84' lang='lat' dir='ltr'>igitur</span> <span class='ocrx_word' id='word_1_177' title='bbox 820 1847 1128 1900; x_wconf 83' lang='lat' dir='ltr'>quaestionem,</span> <span class='ocrx_word' id='word_1_178' title='bbox 1173 1859 1226 1886; x_wconf 78' lang='lat' dir='ltr'>ex</span> <span class='ocrx_word' id='word_1_179' title='bbox 1260 1859 1343 1898; x_wconf 81' lang='lat' dir='ltr'>qua</span> <span class='ocrx_word' id='word_1_180' title='bbox 1381 1858 1509 1886; x_wconf 80' lang='lat' dir='ltr'>causa</span> <span class='ocrx_word' id='word_1_181' title='bbox 1546 1845 1748 1893; x_wconf 83' lang='lat' dir='ltr'>nascitur,</span> 
     </span>
     <span class='ocr_line' id='line_1_24' title="bbox 337 1917 1750 1973; baseline -0.001 -15"><span class='ocrx_word' id='word_1_182' title='bbox 337 1920 681 1960; x_wconf 84' lang='lat' dir='ltr'>constitutionem</span> <span class='ocrx_word' id='word_1_183' title='bbox 739 1920 1036 1973; x_wconf 76' lang='lat' dir='ltr'>appellamus,“</span> <span class='ocrx_word' id='word_1_184' title='bbox 1097 1918 1351 1959; x_wconf 81' lang='lat' dir='ltr'>Vocabulum</span> <span class='ocrx_word' id='word_1_185' title='bbox 1404 1917 1750 1971; x_wconf 75' lang='lat' dir='ltr'>„quaestionem“</span> 
     </span>
     <span class='ocr_line' id='line_1_25' title="bbox 338 1990 1750 2044; baseline -0.001 -13"><span class='ocrx_word' id='word_1_186' title='bbox 338 1992 389 2031; x_wconf 79' lang='lat' dir='ltr'>ad</span> <span class='ocrx_word' id='word_1_187' title='bbox 427 1992 499 2031; x_wconf 79' lang='lat' dir='ltr'>illa.</span> <span class='ocrx_word' id='word_1_188' title='bbox 546 1991 688 2044; x_wconf 79' lang='lat' dir='ltr'>verba,</span> <span class='ocrx_word' id='word_1_189' title='bbox 730 2004 840 2043; x_wconf 80' lang='lat' dir='ltr'>quae</span> <span class='ocrx_word' id='word_1_190' title='bbox 888 1991 1166 2032; x_wconf 77' lang='lat' dir='ltr'>antecedunt:</span> <span class='ocrx_word' id='word_1_191' title='bbox 1218 1990 1392 2044; x_wconf 89' lang='lat' dir='ltr'>„Omnis</span> <span class='ocrx_word' id='word_1_192' title='bbox 1439 2003 1507 2032; x_wconf 83' lang='lat' dir='ltr'>res</span> <span class='ocrx_word' id='word_1_193' title='bbox 1541 2023 1550 2032; x_wconf 86' lang='lat'>.</span> <span class='ocrx_word' id='word_1_194' title='bbox 1583 2023 1590 2030; x_wconf 91' lang='lat'>.</span> <span class='ocrx_word' id='word_1_195' title='bbox 1625 2021 1634 2030; x_wconf 84' lang='lat'>.</span> <span class='ocrx_word' id='word_1_196' title='bbox 1676 1993 1750 2029; x_wconf 82' lang='lat' dir='ltr'>aut</span> 
     </span>
     <span class='ocr_line' id='line_1_26' title="bbox 336 2063 1752 2117; baseline -0.001 -14"><span class='ocrx_word' id='word_1_197' title='bbox 336 2065 434 2104; x_wconf 81' lang='lat' dir='ltr'>facti</span> <span class='ocrx_word' id='word_1_198' title='bbox 487 2068 560 2104; x_wconf 81' lang='lat' dir='ltr'>aut</span> <span class='ocrx_word' id='word_1_199' title='bbox 614 2065 797 2104; x_wconf 85' lang='lat' dir='ltr'>nominis</span> <span class='ocrx_word' id='word_1_200' title='bbox 850 2071 924 2104; x_wconf 82' lang='lat' dir='ltr'>aut</span> <span class='ocrx_word' id='word_1_201' title='bbox 975 2065 1143 2117; x_wconf 77' lang='lat' dir='ltr'>generis</span> <span class='ocrx_word' id='word_1_202' title='bbox 1195 2068 1268 2104; x_wconf 82' lang='lat' dir='ltr'>aut</span> <span class='ocrx_word' id='word_1_203' title='bbox 1326 2064 1505 2104; x_wconf 79' lang='lat' dir='ltr'>actionis</span> <span class='ocrx_word' id='word_1_204' title='bbox 1563 2063 1752 2103; x_wconf 88' lang='lat' dir='ltr'>continet</span> 
     </span>
     <span class='ocr_line' id='line_1_27' title="bbox 338 2136 1752 2190; baseline -0.002 -13"><span class='ocrx_word' id='word_1_205' title='bbox 338 2137 657 2189; x_wconf 73' lang='lat' dir='ltr'>quaestione111“</span> <span class='ocrx_word' id='word_1_206' title='bbox 702 2136 858 2176; x_wconf 86' lang='lat' dir='ltr'>referre</span> <span class='ocrx_word' id='word_1_207' title='bbox 906 2136 1126 2189; x_wconf 84' lang='lat' dir='ltr'>debemus,</span> <span class='ocrx_word' id='word_1_208' title='bbox 1164 2150 1250 2176; x_wconf 91' lang='lat' dir='ltr'>non</span> <span class='ocrx_word' id='word_1_209' title='bbox 1292 2137 1350 2176; x_wconf 79' lang='lat' dir='ltr'>ita</span> <span class='ocrx_word' id='word_1_210' title='bbox 1386 2136 1665 2190; x_wconf 79' lang='lat' dir='ltr'>interpretari,</span> <span class='ocrx_word' id='word_1_211' title='bbox 1704 2138 1752 2174; x_wconf 90' lang='lat' dir='ltr'>ut</span> 
     </span>
     <span class='ocr_line' id='line_1_28' title="bbox 341 2208 1753 2262; baseline -0.002 -13"><span class='ocrx_word' id='word_1_212' title='bbox 341 2209 484 2249; x_wconf 81' lang='lat' dir='ltr'>eadem</span> <span class='ocrx_word' id='word_1_213' title='bbox 533 2208 755 2262; x_wconf 83' lang='lat' dir='ltr'>significet,</span> <span class='ocrx_word' id='word_1_214' title='bbox 812 2221 921 2261; x_wconf 77' lang='lat' dir='ltr'>quae</span> <span class='ocrx_word' id='word_1_215' title='bbox 976 2209 1264 2262; x_wconf 76' lang='lat' dir='ltr'>interrogatio.</span> <span class='ocrx_word' id='word_1_216' title='bbox 1345 2208 1431 2249; x_wconf 80' lang='lat' dir='ltr'>Suo</span> <span class='ocrx_word' id='word_1_217' title='bbox 1484 2211 1576 2249; x_wconf 88' lang='lat' dir='ltr'>iure</span> <span class='ocrx_word' id='word_1_218' title='bbox 1623 2208 1753 2261; x_wconf 82' lang='lat' dir='ltr'>igitur</span> 
     </span>
     <span class='ocr_line' id='line_1_29' title="bbox 340 2280 1752 2335; baseline 0 -14"><span class='ocrx_word' id='word_1_219' title='bbox 340 2280 481 2321; x_wconf 81' lang='lat' dir='ltr'>Cicero</span> <span class='ocrx_word' id='word_1_220' title='bbox 516 2281 847 2321; x_wconf 83' lang='lat' dir='ltr'>controversiam</span> <span class='ocrx_word' id='word_1_221' title='bbox 881 2293 933 2321; x_wconf 77' lang='lat' dir='ltr'>ex</span> <span class='ocrx_word' id='word_1_222' title='bbox 968 2280 1237 2321; x_wconf 86' lang='lat' dir='ltr'>conflictione</span> <span class='ocrx_word' id='word_1_223' title='bbox 1282 2294 1520 2335; x_wconf 79' lang='lat' dir='ltr'>causarum,</span> <span class='ocrx_word' id='word_1_224' title='bbox 1564 2281 1631 2334; x_wconf 89' lang='lat' dir='ltr'>„in</span> <span class='ocrx_word' id='word_1_225' title='bbox 1666 2291 1752 2333; x_wconf 81' lang='lat' dir='ltr'>qua</span> 
     </span>
     <span class='ocr_line' id='line_1_30' title="bbox 334 2352 1752 2407; baseline -0.001 -14"><span class='ocrx_word' id='word_1_226' title='bbox 334 2354 580 2394; x_wconf 88' lang='lat' dir='ltr'>constitutio</span> <span class='ocrx_word' id='word_1_227' title='bbox 599 2354 786 2394; x_wconf 79' lang='lat' dir='ltr'>constat“</span> <span class='ocrx_word' id='word_1_228' title='bbox 803 2358 1046 2393; x_wconf 81' lang='lat' dir='ltr'>nascentem</span> <span class='ocrx_word' id='word_1_229' title='bbox 1066 2354 1236 2407; x_wconf 84' lang='lat' dir='ltr'>proprio</span> <span class='ocrx_word' id='word_1_230' title='bbox 1254 2352 1752 2407; x_wconf 83' lang='lat' dir='ltr'>nomine„quaestionis“</span> 
     </span>
     <span class='ocr_line' id='line_1_31' title="bbox 337 2426 1752 2479; baseline -0.001 -14"><span class='ocrx_word' id='word_1_231' title='bbox 337 2426 582 2479; x_wconf 70' lang='lat' dir='ltr'>appellavit,</span> <span class='ocrx_word' id='word_1_232' title='bbox 616 2427 716 2466; x_wconf 86' lang='lat' dir='ltr'>item</span> <span class='ocrx_word' id='word_1_233' title='bbox 756 2426 800 2465; x_wconf 92' lang='lat' dir='ltr'>in</span> <span class='ocrx_word' id='word_1_234' title='bbox 834 2426 1054 2479; x_wconf 79' lang='lat' dir='ltr'>exemplis,</span> <span class='ocrx_word' id='word_1_235' title='bbox 1097 2426 1256 2479; x_wconf 88' lang='lat' dir='ltr'>quibus</span> <span class='ocrx_word' id='word_1_236' title='bbox 1294 2427 1338 2466; x_wconf 90' lang='lat' dir='ltr'>in</span> <span class='ocrx_word' id='word_1_237' title='bbox 1377 2427 1506 2467; x_wconf 84' lang='lat' dir='ltr'>altero</span> <span class='ocrx_word' id='word_1_238' title='bbox 1545 2426 1752 2466; x_wconf 87' lang='lat' dir='ltr'>librorum</span> 
     </span>
     <span class='ocr_line' id='line_1_32' title="bbox 335 2496 1754 2551; baseline -0.001 -14"><span class='ocrx_word' id='word_1_239' title='bbox 335 2499 409 2551; x_wconf 92' lang='lat' dir='ltr'>„de</span> <span class='ocrx_word' id='word_1_240' title='bbox 432 2496 736 2549; x_wconf 62' lang='lat' dir='ltr'>iiiventioue‘*2)</span> <span class='ocrx_word' id='word_1_241' title='bbox 762 2499 953 2551; x_wconf 80' lang='lat' dir='ltr'>singulas</span> <span class='ocrx_word' id='word_1_242' title='bbox 970 2499 1296 2540; x_wconf 87' lang='lat' dir='ltr'>constitutiones</span> <span class='ocrx_word' id='word_1_243' title='bbox 1320 2497 1562 2551; x_wconf 80' lang='lat' dir='ltr'>illustravit,</span> <span class='ocrx_word' id='word_1_244' title='bbox 1586 2507 1754 2551; x_wconf 71' lang='lat' dir='ltr'>semper</span> 
     </span>
    </p>
   </div>
   <div class='ocr_carea' id='block_1_3' title="bbox 338 2602 1754 2765">
    <p class='ocr_par' dir='ltr' id='par_1_3' title="bbox 338 2602 1754 2765">
     <span class='ocr_line' id='line_1_33' title="bbox 480 2602 1754 2647; baseline 0 -11"><span class='ocrx_word' id='word_1_245' title='bbox 480 2602 511 2647; x_wconf 86' lang='lat' dir='ltr'>l)</span> <span class='ocrx_word' id='word_1_246' title='bbox 537 2603 598 2637; x_wconf 82' lang='lat' dir='ltr'>cfr.</span> <span class='ocrx_word' id='word_1_247' title='bbox 614 2602 818 2637; x_wconf 76' lang='lat' dir='ltr'>Victorinus</span> <span class='ocrx_word' id='word_1_248' title='bbox 834 2602 887 2637; x_wconf 86' lang='lat' dir='ltr'>ed.</span> <span class='ocrx_word' id='word_1_249' title='bbox 902 2602 1024 2637; x_wconf 83' lang='lat' dir='ltr'>Halm:</span> <span class='ocrx_word' id='word_1_250' title='bbox 1054 2602 1256 2646; x_wconf 78' lang='lat' dir='ltr'>„Rhet.lat.</span> <span class='ocrx_word' id='word_1_251' title='bbox 1272 2603 1379 2638; x_wconf 76' lang='lat' dir='ltr'>min.“</span> <span class='ocrx_word' id='word_1_252' title='bbox 1406 2614 1439 2647; x_wconf 90' lang='lat' dir='ltr'>p.</span> <span class='ocrx_word' id='word_1_253' title='bbox 1460 2604 1526 2639; x_wconf 83' lang='lat'>193</span> <span class='ocrx_word' id='word_1_254' title='bbox 1541 2610 1631 2634; x_wconf 87' lang='lat' dir='ltr'>vers.</span> <span class='ocrx_word' id='word_1_255' title='bbox 1649 2602 1754 2636; x_wconf 80' lang='lat'>5—6.</span> 
     </span>
     <span class='ocr_line' id='line_1_34' title="bbox 479 2662 1750 2709; baseline -0.002 -11"><span class='ocrx_word' id='word_1_256' title='bbox 479 2662 513 2706; x_wconf 77' lang='lat'>2)</span> <span class='ocrx_word' id='word_1_257' title='bbox 541 2664 582 2697; x_wconf 87' lang='lat' dir='ltr'>de</span> <span class='ocrx_word' id='word_1_258' title='bbox 618 2664 687 2697; x_wconf 90' lang='lat' dir='ltr'>inv.</span> <span class='ocrx_word' id='word_1_259' title='bbox 720 2664 768 2706; x_wconf 85' lang='grc' dir='ltr'>Π,</span> <span class='ocrx_word' id='word_1_260' title='bbox 805 2668 929 2706; x_wconf 75' lang='grc' dir='ltr'>17,ἴ)“2;</span> <span class='ocrx_word' id='word_1_261' title='bbox 971 2666 1092 2709; x_wconf 74' lang='grc'><strong>20,60;</strong></span> <span class='ocrx_word' id='word_1_262' title='bbox 1136 2668 1256 2707; x_wconf 80' lang='grc'>21,62;</span> <span class='ocrx_word' id='word_1_263' title='bbox 1300 2667 1421 2709; x_wconf 74' lang='lat'>23‚70;</span> <span class='ocrx_word' id='word_1_264' title='bbox 1463 2665 1586 2707; x_wconf 78' lang='lat'>24‚73;</span> <span class='ocrx_word' id='word_1_265' title='bbox 1628 2663 1750 2704; x_wconf 80' lang='lat'>26,79;</span> 
     </span>
     <span class='ocr_line' id='line_1_35' title="bbox 338 2726 604 2765; baseline -0.004 -5"><span class='ocrx_word' id='word_1_266' title='bbox 338 2726 460 2765; x_wconf 75' lang='lat'>⁴29,87;</span> <span class='ocrx_word' id='word_1_267' title='bbox 488 2727 604 2765; x_wconf 70' lang='lat'>30,92.</span> 
     </span>
    </p>
   </div>
  </div>
 </body>
</html>
