1863 3146
759 205 996 244 —99—

165 322 222 374 id,
255 321 369 375 quod
402 322 533 376 accipi
565 321 779 374 volumus,
822 322 974 362 iisdem
1007 321 1160 375 verbis,
1209 321 1366 376 quibus
1399 322 1578 375 scriptor

165 407 275 434 usus
308 397 430 444 esset,
465 395 704 448 exprimere
737 394 870 435 solere
903 394 1104 448 idemque
1137 406 1189 435 ex
1224 395 1286 447 iis,
1320 407 1429 448 quae
1463 398 1579 435 ante-

167 467 365 507 cederent
412 479 606 520 quaeque
653 469 935 520 sequerentur
982 471 1056 507 aut
1098 479 1152 508 ex
1185 467 1280 508 aliis
1314 467 1480 521 scriptis
1512 467 1580 508 vel

168 539 291 579 dictis
338 540 521 580 auctoris
568 542 734 593 patere,
783 538 935 580 deinde
984 539 1360 580 demonstrandum
1410 544 1472 580 est
1520 552 1580 591 ea,

168 624 278 665 quae
320 612 586 652 adversarius
629 614 802 661 sentaet,
850 610 1011 664 „multo
1059 612 1202 652 minus
1240 611 1458 653 commode
1489 611 1578 652 fieri

164 685 314 738 posse“
346 696 424 725 nec
455 696 599 737 parem
632 684 871 735 utilitatem,
912 684 1189 737 honestatem,
1220 684 1578 725 necessitudinem

163 756 332 809 habere,
378 769 506 810 quam
558 768 667 809 quae
714 769 792 797 nos
838 756 1146 810 intellegimus,
1192 759 1266 797 aut
1313 769 1360 797 ea
1407 758 1491 797 iam
1535 758 1578 797 in

166 829 247 870 alia
292 829 386 883 lege
428 829 581 882 scripta
629 841 739 881 esse,
788 821 915 869 etiam
963 841 1071 881 quae
1115 832 1262 869 auctor
1303 833 1447 870 nostra
1485 842 1579 870 sen-

164 903 297 942 tentia
341 902 590 955 scripsisset,
638 902 673 942 si
721 914 769 942 ea
818 900 1055 954 significare
1098 902 1317 954 voluisset,
1366 915 1474 955 quae
1507 902 1578 942 ad-

166 974 386 1015 versarius
435 974 603 1026 diceret,
649 974 838 1027 proferre
885 986 1112 1026 possumus
1150 987 1228 1014 nec
1260 977 1440 1028 tempus,
1495 988 1578 1028 quo

164 1047 272 1088 illud
305 1047 511 1100 scriptum
547 1050 621 1099 est,
666 1047 877 1087 mediocre
924 1049 1071 1100 putare
1120 1046 1343 1097 debemus3
1394 1048 1580 1101 denique

168 1120 333 1161 occasio
367 1119 671 1173 amplificandi,
705 1120 741 1159 si
765 1119 946 1172 dabitur,
980 1132 1064 1159 non
1097 1120 1473 1172 praetermittenda
1505 1124 1578 1162 est.

311 1192 477 1233 Deinde
521 1193 809 1232 controversia
854 1191 901 1231 fit
944 1204 997 1232 ex
1045 1192 1198 1245 scripto
1245 1194 1285 1232 et
1317 1191 1578 1247 sententia.1)

165 1265 217 1306 In
250 1278 298 1306 ea
332 1266 405 1319 qui
437 1265 642 1318 scriptum
676 1263 875 1306 defendet
908 1265 1155 1319 scriptorem
1188 1265 1244 1305 ita
1275 1264 1400 1304 laude
1433 1277 1581 1305 cumu-

165 1338 283 1391 labit,
315 1341 363 1378 ut
393 1338 500 1377 nihil
533 1338 614 1378 nisi
648 1338 760 1391 quod
793 1337 843 1377 ab
877 1350 924 1378 eo
957 1338 1160 1391 scriptum
1195 1340 1316 1389 esset,
1347 1336 1438 1378 fieri
1461 1350 1582 1391 opor-

163 1414 289 1466 teret3
339 1411 490 1451 deinde
522 1410 679 1451 factum
715 1423 863 1464 eaque,
896 1422 1004 1463 quae
1038 1410 1269 1451 adversarii
1292 1410 1452 1463 volunt,
1484 1423 1581 1450 cum

164 1485 320 1538 scripto
368 1496 611 1537 comparare
654 1483 788 1523 debet.
877 1482 1040 1523 Contra
1085 1483 1323 1537 proferetur
1365 1487 1581 1524 auctorem

165 1558 247 1598 alia
294 1557 515 1610 scripsisse
563 1556 645 1597 alia
694 1557 892 1608 sensisse,
932 1560 1004 1596 aut
1036 1569 1191 1609 „causa
1225 1555 1486 1608 assumptiva
1517 1554 1582 1593 in-

164 1630 334 1682 feretur,
383 1629 656 1682 quamobrem
707 1630 861 1682 scripto
907 1641 992 1669 non
1024 1630 1208 1682 potuerit
1240 1632 1312 1668 aut
1343 1640 1428 1667 non
1462 1639 1582 1680 opor-

164 1704 294 1744 tuerit
326 1701 650 1755 obtemperari.“
715 1701 759 1742 Si
793 1715 926 1742 unum
963 1702 1197 1742 alterumve
1230 1713 1284 1741 ex
1315 1701 1380 1740 his
1414 1699 1582 1740 duobus

166 1775 333 1825 dicitur,
381 1775 582 1827 scriptum
616 1775 840 1827 permultis
873 1775 975 1815 locis
1008 1773 1175 1814 defendi
1207 1776 1363 1826 potest:
1413 1773 1475 1813 sic
1507 1785 1581 1812 au-

167 1847 375 1889 ditoribus
418 1847 674 1900 persuadere
722 1847 974 1887 conabimur
1018 1847 1266 1899 scriptorem
1316 1845 1581 1886 voluntatem

168 1934 290 1962 suam
320 1919 462 1960 verbis
494 1919 618 1960 facile
650 1919 948 1972 intellegendis
982 1918 1243 1972 expressisse
1264 1929 1342 1957 nec
1366 1928 1458 1956 eam
1481 1913 1581 1956 sub-

166 1992 314 2033 tilibus
347 1996 388 2032 et
419 1992 580 2045 argutis
614 1991 1059 2045 argumentationibus
1091 1990 1338 2043 investigari
1371 1988 1579 2039 voluisse,

166 2065 352 2106 multum
399 2067 542 2105 autem
575 2063 789 2105 Ciceronis
836 2065 1044 2105 sententia
1086 2062 1289 2117 proficiet,
1337 2063 1372 2102 si
1415 2074 1469 2102 ex
1500 2061 1581 2101 ‘his

171 2137 333 2192 aliquid
380 2139 623 2178 accuratius
657 2140 915 2192 exponetur:
966 2148 1038 2177 aut
1073 2136 1217 2189 „nulla
1249 2136 1293 2175 in
1326 2135 1417 2188 lege
1449 2134 1580 2175 ullam

165 2223 338 2251 causam
386 2214 531 2251 contra
578 2211 783 2264 scriptum
828 2210 962 2263 accipi
1010 2209 1274 2260 convenire,“·
1324 2211 1391 2248 aut
1447 2207 1581 2259 „siin

166 2284 316 2324 ceteris
348 2283 515 2337 legibus
547 2284 783 2335 conveniat,
830 2284 874 2323 in
908 2283 986 2323 hac
1018 2295 1105 2323 non
1138 2281 1365 2336 oportere,“
1412 2283 1487 2320 aut
1519 2280 1583 2332 „si

166 2356 210 2396 in
243 2356 321 2396 hac
353 2369 524 2410 quoque
555 2356 648 2409 lege
681 2359 881 2409 oporteat,
913 2356 1022 2396 hanc
1056 2354 1226 2408 quidem
1251 2365 1422 2394 causam
1447 2352 1582 2405 accipi

168 2429 344 2469 minime
389 2430 623 2483 oporte1·e;“
658 2442 764 2482 quae
811 2430 891 2469 tria
924 2430 1025 2470 satis
1060 2427 1244 2468 dilucide
1277 2426 1488 2480 explicata
1520 2424 1583 2464 vi-

171 2500 320 2541 demus
353 2501 403 2542 de
435 2502 522 2544 inv.
555 2502 611 2555 Il,
644 2503 712 2554 44,
749 2502 959 2554 lae—46,
997 2501 1091 2542 137.
1158 2499 1243 2548 Qui
1275 2511 1374 2539 vero
1407 2501 1576 2539 senten-

169 2572 272 2613 tiam
304 2574 409 2627 legis
430 2575 637 2628 sequitur,
670 2575 924 2627 aequitatem
943 2586 1096 2615 causae
1115 2572 1420 2614 demonstrabit
1442 2582 1581 2624 neque

314 2730 349 2775 1)
377 2730 419 2765 de
445 2730 515 2765 inv.
541 2730 589 2773 11,
616 2733 672 2773 42,
702 2733 977 2773 121—48,143;
1005 2731 1048 2766 de
1064 2732 1150 2775 part.
1166 2732 1287 2776 01·.38,
1313 2732 1485 2772 133-39,
1501 2732 1580 2766 137.

1298 2797 1341 2834 721<
