1863 3146
691 215 923 253 -ῑῖ-

106 345 198 373 esse
230 332 280 373 de
312 336 416 386 part.
450 345 509 373 or.
537 334 572 384 9,
606 334 658 373 32
692 333 917 383 discimus,
952 332 1204 372 suavitatem
1237 334 1377 371 autem
1411 329 1518 369 nihil

107 405 222 445 aliud
256 418 348 447 esse
380 418 428 446 ac
459 405 744 457 festivitatem,
783 417 892 458 quae
931 404 980 444 de
1019 405 1105 443 inv.
1141 402 1174 455 I,
1208 403 1273 455 19,
1300 402 1352 441 27
1393 405 1433 441 et
1465 401 1517 441 de

107 490 164 518 or.
196 476 253 529 ΙΙ,
305 478 374 530 SO,
423 476 523 530 328,
573 481 622 518 ut
673 478 843 528 scimus,
896 474 1107 530 postulata
1145 479 1220 527 est,
1271 474 1517 527 intellegere

106 563 349 604 possumus,
381 551 416 590 si
449 550 750 602 definitionem,
784 562 892 603 quae
924 551 1062 589 exstat
1095 548 1145 588 de
1177 550 1279 600 part.
1313 559 1368 586 or.
1392 547 1427 598 9,
1452 547 1520 597 32,

107 635 205 663 cum
236 622 320 663 illis
352 623 458 663 locis
491 635 798 676 comparamus.

248 693 330 735 Sed
362 696 611 749 priusquam
645 695 694 735 de
729 707 776 735 eo
809 694 912 745 loco,
936 693 1009 746 qui
1042 695 1233 746 superest
1266 690 1315 730 ab
1340 691 1519 743 aliisque

108 767 348 820 discrepare
388 767 567 819 videtur,
615 779 805 820 agamus,
853 778 901 806 ea
941 777 1111 818 quoque
1150 763 1521 803 commemoranda

108 843 222 891 sunt,
261 851 372 892 quae
412 839 463 880 de
502 843 605 893 part.
640 852 697 879 or.
734 839 798 890 35,
842 823 922 877 121
973 836 1023 876 de
1061 836 1302 876 narratione
1341 836 1384 874 in
1423 848 1521 874 con-

108 912 326 951 stitutione
365 911 639 952 coniecturali
679 910 919 951 adhibenda
959 909 1189 961 docentur3
1239 907 1361 947 <lebet
1408 908 1522 947 enim

108 987 262 1036 orator,
300 984 410 1024 sicut
448 985 494 1024 in
526 984 712 1036 exordio,
756 984 814 1023 ita
845 983 887 1021 in
921 982 999 1021 hac
1033 993 1205 1034 quoque
1239 984 1352 1032 parte
1385 981 1521 1033 suspi-

107 1059 264 1097 tionem
296 1055 512 1097 iudicibus
552 1056 709 1097 inferre
748 1058 787 1095 et
826 1053 1116 1094 defensionem
1163 1051 1402 1102 obscurare,
1453 1052 1522 1091 dc-

107 1129 252 1169 fensor
298 1132 440 1169 autem
489 1129 775 1182 suspitionum
813 1127 1078 1180 argumentis
1111 1126 1348 1179 praeteritis
1382 1126 1523 1165 omnia

108 1213 295 1254 narrare,
329 1201 689 1255 quemadmodum
722 1213 766 1240 re
799 1213 898 1240 vera
931 1199 1037 1239 facta
1071 1202 1182 1238 sunt.

252 1273 350 1314 Alia
383 1286 482 1315 vero
522 1276 744 1328 praecepta
786 1272 924 1313 tribus
971 1269 1057 1311 illis
1105 1271 1358 1310 narrationis
1392 1269 1524 1308 virtu-

109 1346 237 1399 tibus,
256 1360 363 1400 quas
396 1347 535 1387 adbuc
569 1346 860 1399 cognovimus,
884 1344 1081 1385 adiunxit
1099 1342 1244 1383 Cicero
1267 1347 1346 1395 top.
1368 1342 1434 1390 29,
1456 1341 1523 1389 97,

113 1420 187 1460 ubi
221 1421 512 1460 narrationum
543 1418 652 1459 fines
685 1432 777 1460 esse
810 1418 957 1470 voluit,
994 1420 1040 1456 ut
1072 1416 1248 1469 „planae
1281 1417 1433 1463 essent,
1481 1416 1526 1452 ut

114 1493 278 1545 breves,
325 1495 375 1533 ut,
407 1492 637 1541 evidentes,
677 1496 725 1532 ut
757 1490 991 1541 credibiles,
1030 1494 1077 1529 ut
1108 1491 1306 1538 moratae,
1345 1490 1391 1525 ut
1429 1498 1526 1525 cum

114 1566 356 1620 dignitate.“
435 1563 527 1613 Qua
566 1565 616 1605 de
651 1577 696 1605 re
729 1565 944 1618 disputare
983 1575 1067 1602 non
1101 1560 1285 1614 expedit,
1326 1558 1526 1612 quoniam

111 1643 221 1679 totos
265 1650 342 1678 nos
381 1639 634 1678 acerrimum
675 1637 798 1677 illuni
838 1636 1169 1676 existimatorem
1212 1631 1527 1680 Quintilianum

113 1710 388 1764 applicamus,
423 1711 499 1766 qui
529 1711 629 1751 inst.
664 1723 723 1752 or.
746 1709 821 1761 IV,
845 1710 882 1760 2,
917 1708 971 1746 64
1004 1708 1125 1747 illum
1149 1705 1364 1746 Ciceronis
1389 1704 1527 1742 locum

115 1783 257 1824 attulit
287 1784 413 1837 eique
448 1784 524 1823 hoc
555 1783 762 1823 iudicium
791 1781 982 1821 adnexit:
1002 1779 1109 1832 „Sed
1141 1780 1187 1818 in
1220 1778 1407 1817 oratione
1441 1787 1528 1814 mo-

116 1861 206 1898 rata
244 1855 400 1897 debent
447 1868 540 1897 esse
579 1856 721 1895 omnia
759 1867 856 1894 cum
897 1853 1120 1905 dignitate,
1166 1862 1274 1904 quae
1318 1850 1527 1902 poterunt.

116 1929 344 1970 Evidentia
374 1930 420 1969 in
452 1929 706 1980 narratione,
740 1930 950 1980 quantum
983 1937 1058 1978 ego
1092 1923 1307 1976 intellego,
1339 1924 1401 1961 est
1434 1920 1528 1973 qui-

118 2002 215 2042 dem
247 2014 401 2055 magna-
438 2002 586 2054 virtus,
632 2013 730 2040 cum
776 1999 880 2052 qnid
913 1998 1003 2038 veri
1040 2009 1126 2036 non
1167 1993 1409 2044 dicendum,
1457 1991 1530 2032 sed

119 2074 430 2129 quodammodo
480 2075 606 2114 etiam
655 2071 964 2112 ostendendum
1009 2072 1081 2121 est,
1131 2068 1204 2108 sed
1252 2065 1389 2107 subici
1436 2077 1531 2118 per-

118 2147 334 2201 spicuitati
364 2146 538 2200 potest.“

365 2278 401 2318 3.
442 2277 509 2319 De
541 2273 890 2331 pr‘opositione
923 2277 969 2314 et
1001 2271 1288 2326 partitione.

261 2349 501 2404 Postquam
535 2352 674 2390 orator
707 2347 993 2387 narrationem
1032 2343 1224 2395 absolvit,
1262 2352 1443 2390 causam,
1483 2338 1533 2378 de

123 2437 210 2477 qua
256 2426 296 2464 ei
343 2423 557 2477 agendum
605 2425 679 2474 est,
726 2419 934 2473 proponit.
1026 2416 1152 2456 Hanc
1204 2412 1532 2468 propositionem

125 2495 270 2536 Cicero
303 2495 355 2536 de
386 2497 471 2535 inv,
504 2495 540 2545 Ι,
572 2495 641 2543 22,
677 2493 728 2533 31
764 2504 863 2532 cum
895 2490 1119 2543 partitione
1153 2485 1395 2534 coniunxit,
1435 2496 1534 2522 nam

124 2570 258 2623 prima
290 2568 461 2608 illarum
493 2568 690 2621 partium,
721 2565 763 2604 in
799 2575 907 2616 quas
940 2562 1207 2615 partitionem
1241 2559 1395 2610 divisit,
1427 2556 1535 2596 nihil

125 2641 241 2682 aliud
274 2644 337 2681 est
368 2652 416 2680 ac
448 2640 688 2693 propositio,
725 2637 838 2677 sicut
875 2634 1149 2688 cognoscitur
1188 2644 1241 2672 ex
1278 2631 1342 2670 his
1375 2628 1532 2670 verbis:

124 2713 248 2767 „Una
278 2725 376 2767 pars
409 2716 484 2764 est,
530 2723 639 2764 quae
678 2709 782 2763 quid
815 2720 910 2748 cum
944 2705 1199 2747 adversariis
1233 2703 1457 2744 conveniat
1496 2704 1536 2741 et
